1872 3002
315 147 372 192 94
730 145 816 192 DE
848 144 1080 192 RERUM
1109 144 1388 192 NATURA

345 241 415 288 sin
447 241 625 288 animas
656 240 895 287 hominum
927 240 1082 287 dicent
1115 240 1166 287 in
1197 256 1389 300 corpora
1419 257 1597 301 semper
1644 269 1654 278 x

343 308 411 354 ire
442 307 659 365 humana,
693 311 848 353 tamen
880 322 1100 366 quaeram
1133 322 1215 354 cur
1247 324 1271 354 e
1303 306 1503 366 sapienti

246 389 314 425 760
345 372 487 420 stulta
518 377 655 432 queat
686 371 800 429 fieri,
832 387 918 418 nec
949 371 1148 430 prudens
1181 373 1240 420 sit
1273 388 1387 432 puer
1418 372 1552 430 ullus,
1859 403 1872 431 ξ

243 446 313 484 762
345 454 428 486 nec
460 442 555 484 tam
588 437 748 484 doctus
781 452 922 495 equae
955 437 1107 496 pullus
1140 454 1279 497 quam
1311 437 1444 486 fortis
1475 437 1581 498 equi
1611 437 1716 486 vis?
1848 436 1872 553 4

1855 554 1872 680 2}

1864 681 1872 760 1

1868 773 1872 827 1,

317 661 432 687 servo
453 649 525 687 che
548 648 649 694 dopo
670 648 884 693 l’energico
910 650 1051 686 interit
1072 661 1173 695 erqo,
1196 648 1353 687 l’ozioso
1377 650 1446 687 755
1463 647 1486 687 ὸ
1510 661 1590 688 uno
1616 649 1805 701 strascico

318 698 487 742 ingrato,
517 709 537 734 e
569 697 622 734 mi
653 708 750 742 pare
787 708 914 734 messo
942 696 973 734 li
1005 709 1076 742 per
1107 696 1383 735 introduzione
1417 696 1483 735 dei
1511 696 1589 736 due
1614 697 1720 736 versi
1745 709 1806 736 se·

317 745 468 790 guenti,
494 744 566 782 che
592 746 660 789 qui
686 755 782 781 sono
809 756 890 781 una
917 744 1102 790 semplice
1129 744 1406 782 osservazione
1432 756 1455 782 o
1480 744 1672 784 richiamo
1698 745 1803 784 acci·
1868 770 1872 772 -

318 792 495 838 dentale3
516 793 584 830 758
602 792 791 830 s'attacea
809 792 1173 830 immediatamente
1191 805 1215 829 a
1235 793 1320 838 7543
1340 804 1361 830 e
1379 792 1394 829 i
1413 795 1475 830 tre
1492 793 1598 830 versi
1616 792 1656 831 di
1673 805 1805 831 mezzo

317 852 412 877 sono
438 839 543 877 forse
569 852 650 877 una
676 839 870 884 aggiunta
899 841 1118 885 posteriore
1140 840 1204 878 del
1225 843 1356 886 poeta,
1381 853 1436 878 un
1457 840 1665 880 corollario
1684 840 1807 879 intro·
1871 844 1872 847 ’

318 887 428 925 dotto
449 899 520 932 per
539 887 758 925 incidenza.
845 907 888 913 —
905 889 1069 935 denique
1093 887 1108 903 “
1130 900 1211 926 una
1228 888 1362 927 buona
1379 888 1500 934 volta,
1519 887 1600 926 alla
1615 887 1671 926 fin
1687 887 1767 928 fine
1783 915 1801 932 „
1860 928 1863 930 ,

318 935 407 972 Ter.
425 934 570 973 Heaut:
589 937 610 972 3
630 937 651 972 3
670 937 692 972 8
714 936 837 972 metui
853 936 949 982 quid
969 935 1153 982 futurum
1171 937 1337 982 denique
1355 939 1476 982 esset;
1493 935 1651 974 Phorm.
1669 931 1692 974 2
1709 935 1732 974 2
1751 937 1806 974 11.
1859 944 1872 986 g

319 995 451 1021 vereor
483 995 532 1020 ne
565 983 713 1021 isthaec
739 982 935 1029 fortitudo
961 985 1003 1020 in
1041 995 1196 1021 nervom
1235 988 1414 1030 erumpat
1447 984 1623 1031 denique.
1647 982 1684 1021 11
1712 983 1808 1029 qual
1856 997 1872 1012 '-

318 1043 433 1068 senso
460 1029 499 1067 di
525 1031 690 1078 denique
715 1031 768 1067 mi
794 1043 890 1076 pare
915 1031 1047 1069 risulti
1067 1031 1211 1076 meglio
1238 1032 1456 1071 (conforme
1478 1031 1605 1069 anche
1629 1031 1669 1069 ai
1693 1031 1807 1070 citati

319 1079 482 1123 esempi)
517 1078 619 1115 colla
656 1078 811 1123 virgola
836 1091 916 1116 non
950 1078 1052 1123 dopo
1079 1083 1203 1124 artus,
1230 1079 1329 1116 dove
1363 1079 1395 1116 si
1421 1079 1508 1116 suol
1532 1081 1712 1124 mettere,
1742 1091 1807 1117 ma
1868 1085 1872 1118 ἶ

318 1125 419 1171 dopo
446 1126 622 1172 denique.
658 1125 673 1142 “
695 1126 834 1163 Anche
861 1126 1020 1170 quando
1054 1139 1125 1164 son
1151 1126 1293 1164 diffuse
1316 1138 1386 1172 per
1407 1126 1444 1164 le
1469 1126 1648 1164 membra
1667 1128 1806 1172 queste
1867 1135 1872 1153 ³

317 1173 423 1219 parti
441 1176 638 1218 potranno
655 1185 736 1211 una
754 1174 863 1211 volta
881 1186 903 1211 ο
925 1174 1056 1211 l’altra
1081 1174 1334 1220 disgregarsi,
1355 1174 1436 1212 cosi
1457 1173 1507 1212 da
1525 1175 1660 1220 perire
1679 1173 1807 1215 (dissi-
1870 1203 1872 1207 Α

318 1221 441 1266 parsi)
461 1220 524 1259 del
546 1223 651 1259 tutto
672 1221 731 1259 col
750 1222 880 1266 perire
899 1221 963 1258 del
984 1234 1115 1267 corpo.
1129 1249 1148 1266 „
1169 1222 1248 1259 Ofr.
1263 1222 1320 1259 50.
1385 1243 1431 1249 —
1445 1221 1620 1258 758-762.
1636 1221 1672 1260 Il
1695 1224 1806 1268 posto

318 1269 357 1306 di
379 1270 445 1306 761
469 1268 489 1306 ὲ
511 1273 704 1313 occupato
726 1268 789 1307 nei
813 1281 901 1306 mss.
921 1268 986 1306 dal
1008 1282 1044 1307 v.
1068 1271 1137 1307 744
1163 1271 1200 1307 si
1218 1282 1297 1307 non
1318 1270 1424 1307 certa
1444 1281 1515 1308 suo
1540 1271 1636 1317 quia
1661 1271 1808 1308 semine

319 1317 566 1363 seminioque,
593 1316 699 1354 forse
717 1317 863 1356 ,scritto
898 1317 939 1354 in
966 1318 1145 1363 margine
1182 1329 1291 1355 come
1317 1317 1522 1364 richiamo‚
1553 1329 1633 1356 non
1657 1317 1741 1356 solo
1767 1317 1807 1355 di

320 1366 388 1401 744
412 1377 476 1401 ma
504 1363 630 1401 anche
668 1364 707 1401 di
734 1365 814 1408 745,
849 1365 889 1401 in
913 1365 1083 1410 risposta
1110 1370 1286 1410 appunto
1313 1364 1708 1411 all’interrogazione
1734 1364 1807 1403 che
1840 1373 1841 1376 ’

318 1411 453 1449 finisce
479 1423 553 1450 con
579 1413 659 1449 762.
685 1412 718 1449 Ε
736 1412 763 1449 il
784 1412 955 1450 Marullo
983 1413 1118 1451 infatti
1141 1425 1218 1450 non
1244 1413 1404 1450 elimina
1425 1413 1506 1458 761,
1531 1424 1596 1450 ma
1620 1412 1658 1451 lo
1683 1415 1807 1451 mette

318 1459 419 1504 dopo
447 1461 515 1497 762
542 1472 562 1497 e
594 1459 630 1497 v'
649 1460 850 1505 aggiunge
877 1461 962 1506 7453
989 1460 1094 1498 della
1120 1460 1213 1505 qual
1240 1472 1331 1498 cosa
1359 1460 1388 1497 il
1413 1460 1575 1498 Lachm.
1600 1459 1809 1506 s’indigna

318 1519 389 1552 per
413 1510 637 1545 avventura
662 1520 716 1544 un
743 1507 805 1553 po'
824 1511 986 1552 troppo:
1026 1507 1098 1545 che
1123 1508 1162 1545 la
1189 1509 1358 1553 risposta
1384 1507 1436 1544 ha
1459 1510 1564 1546 tutto
1591 1507 1620 1545 il
1642 1520 1714 1546 suo
1740 1520 1808 1546 va-

318 1555 402 1592 lore
423 1555 549 1593 anche
571 1555 659 1601 qui;
681 1555 762 1593 solo
785 1555 856 1593 che
877 1555 917 1592 la
943 1555 971 1592 il
992 1556 1174 1593 massimo
1195 1568 1288 1601 peso
1314 1555 1339 1592 l'
1354 1555 1486 1594 hanno
1511 1556 1551 1593 le
1575 1555 1712 1600 parole
1733 1567 1804 1593 suo

318 1604 462 1640 semine
487 1605 736 1649 seminioque,
757 1603 825 1647 qui
849 1603 987 1640 invece
1008 1603 1257 1641 l'avrebbero
1282 1603 1319 1640 le
1340 1603 1478 1648 parole
1494 1605 1652 1649 pariter
1670 1605 1809 1641 crescit

319 1662 405 1687 cum
430 1663 617 1697 corpore:
646 1656 661 1665 ”·
678 1649 824 1695 perche
851 1650 984 1695 quella
1001 1651 1070 1688 «tal
1096 1653 1154 1689 vis
1184 1653 1314 1688 animi
1345 1650 1544 1688 ereditata
1566 1651 1598 1688 si
1625 1651 1809 1696 sviluppa

318 1698 417 1738 collo
440 1697 679 1743 svilupparsi
701 1698 764 1735 del
786 1710 917 1743 corpo.
934 1728 950 1743 „
975 1699 1032 1736 La
1053 1699 1224 1744 risposta
1250 1699 1280 1735 si
1302 1698 1546 1737 sottintende
1568 1698 1808 1743 fa'cilmente,

319 1758 382 1784 ma
408 1758 487 1784 non
514 1746 689 1791 giurerei
715 1746 787 1784 che
814 1746 907 1790 quel
932 1746 1123 1784 richiamo
1150 1747 1370 1791 marginale
1396 1758 1476 1783 non
1500 1758 1632 1791 venga
1657 1745 1708 1783 da
1737 1746 1808 1784 Lu-

319 1794 443 1832 crezio
470 1798 607 1831 stesso.
644 1813 690 1819 —-
715 1794 750 1830 Il
782 1794 875 1838 Brg.
904 1794 1064 1831 elimina
1091 1794 1253 1831 insieme
1280 1806 1354 1832 con
1376 1795 1441 1831 761
1464 1794 1591 1831 anche
1613 1794 1694 1836 762,
1720 1799 1807 1839 per-

320 1840 392 1880 che
419 1842 547 1886 prima
573 1842 606 1878 si
633 1841 719 1878 dice
746 1841 846 1878 solo:
874 1843 913 1879 si
936 1842 1065 1879 dicent
1090 1842 1292 1879 hominum
1313 1843 1471 1879 animas
1495 1843 1556 1879 ire
1576 1842 1622 1878 in
1641 1853 1809 1888 corpora

318 1891 521 1935 Immana;
547 1901 609 1926 ma
636 1889 655 1923 e
678 1888 862 1926 evidente
889 1889 960 1926 che
987 1889 1014 1926 il
1041 1901 1131 1927 caso
1158 1889 1330 1934 speciale
1360 1888 1384 1926 li
1412 1891 1676 1934 rappresenta
1699 1888 1808 1926 tutti.

319 1937 519 1975 Conservo
545 1936 682 1981 quindi
710 1937 790 1982 762,
817 1936 877 1974 c'ol
903 1936 1057 1974 Mum-o.
1085 1937 1235 1974 Tutt’al
1259 1936 1330 1982 piu
1355 1936 1387 1973 si
1414 1935 1492 1982 pub
1518 1938 1742 1981 sospettare
1766 1937 1808 1973 in

320 1987 387 2023 762
414 1997 494 2022 una
520 1984 714 2030 aggiunta
739 1984 959 2029 posteriore
998 1984 1061 2022 del
1087 1989 1217 2029 poeta,
1250 1996 1320 2029 per
1346 1996 1425 2022 non
1450 1984 1596 2022 lasciar
1619 1983 1704 2022 sola
1729 1983 1809 2021 l'a-

320 2034 426 2069 nima
461 2044 624 2076 umana;
652 2044 672 2069 e
705 2032 898 2076 potrebbe
925 2032 1172 2069 confermare
1206 2031 1235 2068 il
1260 2036 1435 2077 sospetto
1461 2032 1502 2069 la
1527 2032 1665 2069 chiusa
1691 2043 1808 2078 quam

319 2080 440 2126 fortis
465 2082 557 2126 equi
574 2081 644 2124 vis,
666 2079 738 2116 che
759 2078 780 2116 e
802 2092 855 2116 un
878 2091 946 2117 eco
969 2079 1006 2116 di
1028 2084 1063 2117 et
1082 2079 1205 2125 fortis
1224 2081 1314 2125 equi
1336 2082 1392 2117 vis
1410 2079 1474 2116 del
1491 2079 1666 2125 proemio
1686 2081 1806 2125 (vn-8),

319 2141 340 2166 e
366 2127 444 2173 pub
471 2139 690 2164 accennare
717 2139 741 2163 a
767 2126 1152 2171 contemporaneita3
1179 2139 1199 2164 e
1227 2127 1255 2164 s'
1271 2126 1291 2164 ὸ
1317 2127 1385 2171 gia
1410 2126 1583 2165 discorso
1610 2126 1716 2164 della
1741 2138 1808 2171 po-

319 2174 518 2213 steriorita
540 2174 603 2212 dei
625 2174 786 2219 proemi.
799 2195 845 2199 —
860 2174 938 2212 Per
956 2186 1062 2212 esser
1081 2175 1214 2220 citato,
1233 2177 1423 2219 appunto‚
1447 2174 1474 2211 il
1493 2174 1575 2212 solo
1593 2186 1685 2212 caso
1702 2173 1808 2219 degli

320 2222 480 2265 uomini,
507 2234 528 2260 e
556 2221 694 2267 poiche
723 2222 734 2259 i
767 2234 856 2259 mss.
883 2222 1053 2266 leggono
1079 2225 1148 2266 sic,
1184 2234 1264 2259 non
1298 2224 1375 2269 sin,
1405 2222 1447 2259 in
1481 2223 1548 2260 758
1580 2221 1610 2259 il
1641 2221 1808 2266 Brieger·

319 2270 435 2308 crede
472 2282 496 2306 a
534 2282 614 2306 una
650 2269 796 2307 lacuna
832 2270 970 2307 avanti
1008 2270 1087 2315 758,
1119 2269 1218 2307 dove
1250 2271 1427 2314 appunto
1464 2269 1496 2306 si
1523 2269 1806 2314 porterebbero

320 2318 465 2363 esempi
488 2317 527 2354 di
548 2317 649 2354 altre
675 2317 804 2370 specie
832 2316 871 2354 di
896 2318 1071 2362 animali,
1104 2317 1226 2362 legati
1249 2329 1320 2354 con
1347 2319 1404 2355 sic
1426 2317 1490 2355 all'
1503 2317 1656 2363 ultimo,
1676 2316 1807 2362 quello

319 2371 543 2409 dell'anima
561 2382 719 2407 umana.
732 2371 764 2407 E
780 2370 966 2415 possibile
984 2373 1155 2407 —tanto
1175 2370 1244 2415 piu
1260 2370 1300 2407 in
1319 2382 1583 2409 eoncorrenza
1601 2369 1701 2408 colla
1718 2382 1807 2415 sup-

317 2423 432 2464 posta
458 2418 651 2463 aggiunta
672 2418 891 2463 posteriore
919 2418 956 2454 di
986 2418 1139 2455 755-757
1170 2438 1210 2443 -—
1237 2430 1302 2455 ma
1328 2431 1409 2455 una
1435 2430 1526 2456 cosa
1554 2417 1604 2455 mi
1625 2418 1666 2455 fa
1691 2417 1805 2455 dubi-

319 2470 416 2504 tare.
455 2463 600 2503 Poiche
634 2478 687 2502 un
714 2468 777 2503 sin
811 2464 832 2502 ὸ
870 2465 921 2502 ad
954 2465 1045 2510 ogni
1077 2465 1192 2503 modo
1226 2465 1412 2503 richiesto
1445 2464 1806 2510 dall'alternativa,

318 2514 424 2552 nella
450 2514 594 2551 lacuna
615 2513 680 2550 noi
701 2512 910 2551 dobbiamo
933 2525 1137 2559 suppone,
1158 2513 1297 2551 inveee
1319 2512 1424 2550 della
1445 2512 1631 2558 semplice
1659 2512 1806 2550 forma:

319 2564 382 2600 sin
410 2566 444 2599 et
469 2573 611 2599 canum
636 2562 794 2598 animas
813 2563 857 2598 in
879 2572 1019 2598 canum
1041 2572 1277 2606 corpora...
1304 2565 1339 2598 et
1364 2562 1523 2598 animas
1539 2560 1740 2598 hominum
1761 2561 1806 2597 in

319 2610 416 2647 hom.
444 2621 545 2656 corp.
572 2609 702 2646 dicent
727 2611 813 2646 etc..
851 2608 890 2646 la
916 2608 1044 2645 forma
1070 2611 1273 2646 contorta:
1312 2610 1389 2654 sin,
1414 2612 1458 2645 ut
1483 2620 1624 2645 canum
1649 2609 1807 2645 aninms

319 2659 363 2695 in
389 2669 530 2694 canum
564 2668 796 2702 corpora...
825 2658 881 2693 sic
913 2657 1070 2693 animas
1095 2656 1296 2693 hominum
1323 2657 1452 2694 dicent
1477 2658 1572 2701 θεας
1609 2654 1649 2692 la
1675 2655 1806 2700 quale,

319 2705 420 2750 anzi,
446 2704 515 2749 piu
540 2704 611 2741 che
637 2706 829 2749 contorta,
855 2703 1022 2740 sarebbe
1049 2706 1252 2741 scorretta.
1359 2722 1400 2727 --
1429 2702 1512 2740 760.
1538 2714 1607 2740 nec
1627 2702 1806 2749 prudens

314 2765 415 2798 puer
435 2752 554 2798 ullus,
582 2755 745 2793 mentre,
767 2750 936 2789 secondo
957 2750 1146 2797 l’ipotesi‚
1169 2751 1208 2787 in
1230 2763 1283 2788 un
1303 2750 1490 2789 fanciullo
1511 2749 1746 2788 abiterebbe
1766 2748 1806 2786 di
