1872 3002
333 175 389 219 54
744 176 829 222 DE
862 177 1092 226 RERUM
1123 178 1399 227 NATURA

363 274 411 314 tu
447 268 517 314 fac
550 275 794 328 utrumque
829 287 917 317 nno
949 272 1034 318 sub
1067 272 1233 330 iungas
1266 274 1449 320 nomine
1481 287 1651 331 eorum,

362 339 497 391 atque
529 335 730 380 animam
764 337 891 382 verbi
924 353 1063 384 causa
1094 353 1198 384 cum
1231 338 1380 385 dicere
1415 355 1618 397 pergam,

365 398 599 444 mortalem
633 416 728 446 esse
759 400 939 458 docens,
973 402 1180 449 animum
1213 420 1392 463 quoque
1425 404 1574 451 dicere
1606 404 1779 462 credas,

361 467 588 521 quatenus
620 470 686 510 est
720 481 861 512 unum
897 467 1015 513 inter
1047 483 1093 513 se
1127 469 1459 527 coniunctaque
1492 485 1562 516 res
1593 474 1676 516 est.

261 546 331 581 425
423 528 658 588 Principio
691 533 905 589 qnoniam
942 539 1119 579 tenuem
1156 539 1363 581 constare
1396 535 1586 584 minutis

331 720 587 765 applicarono
613 720 652 757 al
678 721 884 766 problema
903 722 941 758 la
962 721 1223 760 meditazione
1242 722 1443 768 filosofica,
1467 735 1510 761 se
1531 734 1607 761 non
1628 723 1820 761 facevano

334 768 492 805 l'anima
520 769 696 814 mortale,
723 781 832 806 come
861 769 1011 813 nativa,
1037 770 1334 807 concludevano
1355 770 1547 815 piuttosto
1568 782 1639 816 per
1659 771 1699 808 la
1719 776 1820 809 eter-

331 815 415 852 nita
449 815 675 853 dell'anima
706 816 792 860 (cfr.
824 816 916 861 668).
958 817 1017 853 Ed
1054 829 1123 855 era
1160 818 1199 855 la
1233 818 1484 856 conclusione
1518 818 1588 864 piu
1621 818 1819 864 naturale,

331 862 490 908 quando
517 864 543 900 il
570 863 827 901 fondamento
854 863 959 901 della
985 865 1178 902 credenza
1204 877 1273 903 era
1299 865 1326 902 il
1353 868 1534 904 concctto
1569 865 1609 903 di
1634 877 1714 903 una
1738 867 1819 904 tale

331 910 523 948 diversita
550 911 656 948 nella
684 923 846 949 essenza
867 913 1104 950 sostanziale
1123 912 1362 956 dell‘anima‚
1388 913 1461 950 che
1479 912 1703 951 escludesse
1726 914 1821 959 ogni

332 958 552 1003 possibilita
579 959 617 996 di
644 959 897 997 disti-unione.
923 960 1036 998 Onde
1062 972 1190 998 aveva
1216 964 1330 998 tanto
1348 960 1460 1006 largo
1477 961 1616 998 favore
1635 961 1674 998 la
1691 963 1820 999 teoria

331 1006 436 1043 della
462 1007 762 1052 metempsicosi.
796 1007 855 1044 La
881 1012 1016 1045 nostra
1051 1007 1240 1046 moderna
1261 1008 1519 1046 immortalita
1541 1007 1563 1046 ὸ
1590 1020 1671 1046 una
1696 1010 1817 1046 conti·

333 1054 526 1091 nuazione
553 1054 852 1092 dell’animismo
879 1056 1079 1100 popolare,
1107 1056 1303 1096 irriflesso‚
1331 1055 1513 1094 foderato
1539 1055 1578 1093 di
1596 1057 1817 1101 argomenti

333 1102 372 1138 in
399 1102 537 1139 favore
565 1102 849 1144 dell’eternita,
879 1115 940 1140 ma
967 1103 1026 1140 col
1046 1104 1260 1141 correttivo
1281 1103 1478 1142 doll’altro
1499 1107 1682 1141 coneetto
1699 1103 1819 1141 d’una

333 1150 539 1186 creazione
566 1149 630 1186 dal
659 1149 777 1186 nulla.
878 1170 920 1175 —
946 1151 1029 1186 418.
1057 1151 1164 1197 Ievis,
1187 1151 1461 1196 preannunzia
1486 1151 1567 1189 alla
1591 1151 1766 1189 fantasia
1791 1152 1819 1188 il

333 1198 468 1241 primo,
495 1198 585 1234 anzi
611 1197 743 1234 alcuni
763 1197 825 1235 dei
844 1198 1024 1243 prossimi
1043 1198 1277 1243 argomenti.
1379 1218 1416 1224 —
1438 1197 1526 1236 420.
1545 1200 1669 1246 dt‘yna
1687 1202 1776 1236 tna.
1789 1226 1817 1237 ..

333 1247 515 1282 carmina
540 1247 633 1282 vita·
661 1247 677 1263 “
699 1245 820 1282 carmi
846 1245 965 1290 degni
999 1246 1072 1283 che
1106 1251 1149 1283 tu
1175 1246 1201 1283 li
1230 1245 1382 1291 prenda
1412 1258 1522 1284 come
1546 1246 1685 1292 regola
1711 1247 1818 1284 della

332 1295 402 1328 ‘tua
429 1292 512 1330 vita
532 1321 569 1337 „,
597 1292 869 1330 conservando
895 1294 975 1330 cosi
998 1294 1036 1330 la
1055 1294 1207 1331 lezione
1226 1294 1288 1331 dei
1308 1293 1444 1331 codici.
1471 1294 1632 1332 Lachm.
1646 1306 1668 1331 e
1685 1294 1817 1339 Brieg.

332 1352 429 1376 clera
455 1352 526 1385 pet·
551 1342 658 1387 vita;
682 1343 791 1377 certo
817 1341 884 1385 piu
911 1341 1046 1379 chiaro
1073 1354 1094 1378 e
1120 1341 1200 1378 alla
1227 1353 1355 1387 mano,
1381 1353 1403 1379 e
1422 1342 1525 1379 forse
1551 1342 1679 1380 anche
1704 1354 1728 1379 a
1754 1354 1816 1379 ra-

332 1388 466 1431 gione:
495 1400 558 1424 ma
580 1388 696 1425 forse.
724 1388 890 1431 [Heinze
917 1391 1010 1435 vita,
1030 1388 1292 1426 intendendo:
1319 1389 1492 1426 moribus
1512 1391 1579 1426 i-e.
1601 1389 1816 1427 virtutibus

332 1436 436 1478 tuisL
463 1435 622 1479 Quanto
644 1448 668 1472 a
690 1436 811 1478 (Ζίῃηα
838 1440 917 1481 tua,
937 1441 1088 1474 mutato
1111 1436 1175 1473 dal
1203 1438 1320 1474 Bern.
1346 1437 1385 1473 in
1405 1441 1605 1483 perpetua,
1633 1435 1655 1474 ὸ
1675 1449 1818 1482 garan-

332 1483 404 1520 tito
421 1484 545 1526 (come
563 1495 725 1520 ossei-va
743 1483 769 1520 il
786 1484 942 1528 Munro)
960 1484 1010 1521 da
1027 1484 1151 1521 Culeoe
1166 1486 1221 1529 10,
1239 1489 1281 1522 ut
1299 1485 1375 1522 tibi
1389 1485 1512 1529 diana
1530 1488 1596 1522 tuo
1638 1485 1818 1523 otiantur

330 1532 511 1567 carmina
525 1543 653 1577 sensu,
667 1531 852 1568 evidente
866 1532 1092 1569 imitazione
1107 1531 1170 1568 del
1190 1537 1324 1569 nostro
1338 1543 1464 1569 verso.
1528 1551 1574 1556 —
1615 1532 1672 1570 21.
1689 1531 1816 1570 Costr.

332 1582 537 1624 utrmnque
564 1591 695 1616 eorum
728 1580 798 1616 sub
827 1591 906 1617 uno
932 1581 1087 1617 nomine
1116 1581 1272 1625 iunyas.
1302 1579 1440 1616 Anche
1466 1579 1507 1616 in
1533 1582 1673 1624 questo
1699 1592 1814 1617 verso

330 1630 544 1670 mantengo
571 1626 610 1663 la
636 1626 787 1664 lezione
814 1626 875 1664 dei
906 1639 999 1664 mssa
1021 1625 1109 1670 (che
1135 1639 1245 1664 nome
1270 1626 1332 1664 dei
1362 1639 1447 1664 mss.
1475 1625 1497 1664 ὸ
1524 1627 1816 1665 naturalmente

331 1674 513 1717 nomine),
534 1686 642 1711 come
664 1673 730 1718 gia
755 1674 781 1710 il
805 1673 938 1712 Clu-ist
959 1687 980 1711 0
1004 1675 1030 1710 11
1052 1674 1206 1712 Munro.
1233 1674 1387 1718 [Anche
1410 1674 1575 1719 Brieger
1593 1687 1615 1711 e
1635 1674 1816 1718 Heinze.]

331 1721 423 1763 Cfr.‚
449 1721 511 1757 fra
533 1721 624 1758 altri
651 1722 798 1767 esempi
821 1722 930 1759 citati
958 1721 1022 1758 dal
1046 1722 1202 1768 Munro,
1225 1723 1311 1759 Liv.
1338 1723 1356 1758 I
1382 1723 1428 1759 43
1449 1723 1471 1759 9
1492 1721 1564 1759 sub
1585 1723 1722 1760 iisdem
1750 1735 1816 1760 no-

329 1768 504 1806 minibus
601 1768 704 1815 fecit.
731 1770 850 1806 Lach.
878 1782 898 1806 e
925 1768 1041 1806 Bern‘.
1069 1771 1145 1806 uni
1167 1770 1387 1816 subiunyas
1411 1781 1561 1812 nomen,
1588 1781 1661 1807 con
1687 1782 1816 1807 corre-

330 1816 441 1853 zione
468 1816 612 1861 doppia
640 1817 687 1854 ed
709 1817 954 1862 espressione
978 1819 1170 1854 contorta.
1194 1837 1235 1841 —
1260 1817 1500 1854 Veratnente
1525 1820 1667 1862 questa
1685 1829 1817 1855 comn-

332 1875 458 1900 nanza
476 1863 515 1900 (11
535 1876 647 1902 nome
667 1864 755 1902 vale
773 1865 811 1902 in
832 1867 946 1909 parte
968 1865 1093 1902 anche
1112 1877 1182 1910 per
1199 1864 1258 1902 0ἱὸ
1276 1864 1348 1902 che
1367 1864 1555 1911 precede3
1573 1877 1595 1902 e
1613 1864 1816 1902 vieeversa

328 1911 527 1955 qualeuna
554 1912 656 1949 delle
682 1925 803 1957 prove
825 1914 896 1949 che
915 1924 1090 1957 seguono
1116 1913 1149 1949 si
1175 1912 1296 1950 fonda
1317 1912 1419 1950 sulla
1441 1912 1686 1950 distinzione.
1712 1912 1813 1951 Vedi

328 1960 397 1995 (312
423 1971 506 2003 sgg.
535 1961 602 1996 782
628 1973 711 2005 sgg.
1632 1990 1638 1995 .

423 2010 607 2049 425-444.
637 2013 688 2049 1.a
713 2024 846 2056 prova.
870 2012 1048 2049 L’anima
1068 2017 1268 2057 composta
1287 2011 1325 2049 di
1343 2012 1464 2049 atomi
1483 2011 1732 2049 minutissimi
1753 2012 1815 2050 fra

330 2058 436 2104 tutti,
463 2058 496 2104 ὲ,
523 2059 590 2104 pin
616 2058 747 2102 d’ogni
775 2060 877 2097 altra
899 2072 1003 2101 cosa,
1028 2060 1302 2105 mobilissi1na3
1328 2071 1398 2098 ora
1415 2059 1480 2097 noi
1498 2059 1680 2097 vediamo
1705 2071 1815 2098 come

330 2106 366 2143 10
392 2118 481 2143 cose
507 2107 575 2151 piu
602 2108 748 2151 mobili,
775 2107 934 2151 quando
960 2120 1031 2152 per
1058 2107 1195 2145 effetto
1221 2107 1261 2144 di
1286 2119 1416 2144 seosse
1441 2119 1464 2144 ο
1487 2107 1589 2145 altro
1605 2119 1682 2145 non
1702 2107 1813 2145 siano

329 2153 396 2198 piu
423 2156 645 2192 trattenute
671 2155 711 2191 in
737 2167 791 2191 un
818 2158 1055 2192 contenente
1087 2157 1125 2198 (e
1152 2155 1189 2192 la
1214 2154 1298 2192 loro
1325 2154 1504 2192 mobilita
1536 2154 1657 2192 rende
1686 2155 1813 2192 anche

329 2201 445 2238 facile
471 2202 509 2238 la
536 2203 618 2240 loro
645 2203 822 2239 cacciata
847 2215 869 2239 o
896 2203 1023 2240 uscita
1049 2202 1114 2239 dal
1141 2204 1406 2246 contenente),
1432 2201 1660 2240 facilmente
1680 2202 1711 2239 si
1734 2202 1812 2239 dis-

328 2248 515 2292 pordano.
542 2250 671 2287 Tanto
698 2250 765 2295 piu
792 2250 1032 2296 faeilmente,
1057 2250 1097 2287 in
1115 2250 1279 2295 ragione
1300 2249 1406 2287 della
1423 2261 1496 2286 sua
1513 2250 1717 2295 maggiore
1736 2262 1813 2288 mo-

329 2296 454 2334 bilita.
488 2297 520 2333 si
553 2297 745 2341 dissipare
778 2297 950 2342 l'anima,
983 2297 1141 2342 quando
1175 2310 1251 2335 non
1286 2298 1344 2334 sia
1377 2298 1445 2342 pin
1475 2300 1609 2335 coatta
1647 2297 1712 2335 dal
1739 2309 1811 2335 suo

330 2344 490 2380 natural
517 2357 622 2387 vaso,
658 2345 685 2381 il
711 2357 841 2389 corpo,
876 2357 939 2382 ma
966 2346 998 2382 si
1025 2345 1127 2382 trevi
1154 2344 1352 2389 nell’aria,
1386 2344 1459 2382 che
1489 2357 1560 2390 per
1585 2345 1625 2383 la
1650 2357 1722 2382 sua
1748 2357 1808 2382 ra-

328 2391 528 2429 refazione
554 2392 605 2428 ha
631 2404 711 2429 una
737 2392 885 2429 facolta
920 2393 1102 2430 coibente
1136 2392 1308 2429 minima.
1345 2411 1386 2416 -
1406 2392 1480 2438 ⁴La
1509 2393 1664 2437 precisa
1687 2392 1812 2429 inter-

327 2439 555 2484 pretazione
583 2439 621 2475 di
648 2442 790 2484 questa
813 2452 934 2484 prova
955 2439 1125 2485 dipende
1144 2439 1194 2477 da
1215 2452 1295 2477 una
1313 2440 1599 2484 questionoella
1618 2439 1656 2477 di
1674 2441 1811 2477 critica

327 2486 390 2523 del
416 2489 538 2533 test03
565 2486 628 2524 nel
652 2500 687 2524 v.
708 2488 778 2523 428
798 2488 811 2524 1
832 2486 953 2524 codici
978 2488 1110 2525 hanno
1132 2500 1235 2533 nam,
1261 2487 1333 2524 che
1353 2486 1381 2523 il
1403 2487 1562 2524 Lachm.
1586 2488 1637 2525 ha
1657 2492 1811 2525 mutato

330 2534 365 2570 in
383 2536 477 2579 iam,
493 2534 564 2571 che
586 2535 621 2572 io
643 2534 702 2571 col
721 2535 837 2571 Bern.
855 2537 1019 2572 accetto.
1039 2536 1070 2571 E
1087 2547 1134 2572 ne
1153 2537 1268 2571 vieno
1289 2535 1325 2571 la
1343 2535 1595 2579 spiegazione
1612 2547 1682 2572 ora
1699 2547 1810 2579 espo-

328 2587 401 2618 sta,
422 2582 488 2618 Ma
509 2582 535 2618 il
555 2582 710 2627 Munro,
732 2582 756 2617 11
781 2582 975 2619 Susemihl
994 2583 1115 2626 (Phil.
1137 2583 1198 2625 27)
1216 2594 1238 2618 e
1257 2582 1285 2618 11
1301 2582 1464 2627 Brieger
1485 2583 1693 2628 (Bursian,
1708 2584 1811 2627 1884,

328 2643 362 2672 p.
385 2630 465 2671 184)
487 2629 700 2666 difendono
724 2629 749 2665 il
773 2642 888 2675 mmm
913 2642 934 2666 0
957 2630 1078 2667 fanno
1097 2629 1235 2674 quindi
1261 2629 1344 2666 dire
1371 2642 1394 2667 a
1415 2630 1624 2667 Lucrezio:
1660 2630 1723 2668 noi
1748 2642 1810 2666 ve-

327 2676 456 2713 ‹liamo
476 2677 548 2713 che
569 2677 749 2720 l’anima,
769 2676 790 2714 ὸ
811 2676 1085 2721 mobilissima3
1111 2676 1171 2714 01ὸ
1191 2689 1313 2721 prova
1334 2677 1373 2714 la
1395 2680 1566 2714 esu-ema
1588 2678 1811 2714 minutezza

327 2723 388 2760 de’
403 2724 487 2760 suoi
515 2725 658 2769 atomig
693 2738 713 2761 c
741 2724 848 2761 dalla
877 2727 1096 2761 unnutozza
1126 2726 1241 2761 viene
1281 2725 1318 2760 la
1344 2729 1514 2761 estrcma
1547 2723 1811 2770 (lissipabiiita

327 2770 415 2807 dell'
426 2772 557 2808 anima
578 2775 714 2809 stossa.
742 2772 932 2810 Ooll'iam
957 2773 1094 2810 invece
1121 2771 1142 2810 e
1162 2772 1200 2808 la
1219 2771 1398 2810 mobilita
1417 2771 1489 2809 che
1511 2771 1682 2817 dipcnde
1703 2772 1810 2809 dalla
