1872 3002
275 173 361 220 312
402 182 405 186 “
686 174 772 221 DE
804 173 1035 222 RERUM
1066 173 1342 223 NATURA

304 268 561 326 hospitibus
595 269 694 316 loca
726 285 842 328 quae
876 269 1159 329 complerant
1191 270 1490 318 aedituentes-

258 355 260 357 ·
304 349 387 380 nec
418 334 507 380 iam
543 335 707 393 religio
739 335 893 382 divom
928 351 1010 382 nec
1041 335 1233 382 numina
1266 336 1426 394 magni

182 421 273 459 1275
305 399 620 458 pendebantur
652 400 798 447 enim:
834 417 1047 459 praesens
1080 401 1209 448 dolor
1240 402 1563 460 exsuperabat.

304 480 387 511 nee
419 481 515 512 mos
548 465 623 511 ille
655 465 916 524 sepulturae
948 466 1217 513 remanebat
1250 466 1299 512 in
1333 467 1460 525 urbe,

304 545 393 588 quo
426 529 529 588 pius
561 530 637 576 hic
670 531 863 589 populus
896 547 1074 590 semper
1106 535 1348 578 consuerat
1380 531 1591 580 humari:

305 595 598 650 perturbatus
631 595 753 642 enim
786 600 909 644 totus
941 596 1217 655 trepidabat,
1250 601 1295 643 et
1327 613 1446 645 unus

302 660 494 719 quisque
528 677 660 707 suum
694 677 775 720 pro
808 678 855 708 re
884 659 1119 721 praesenti
1151 666 1351 709 maestus
1383 662 1621 710 humabat.

179 738 272 774 1280
304 724 538 783 multaque
571 741 642 772 res
673 726 826 773 subita
857 731 900 773 et
934 731 1178 786 paupertas
1209 726 1398 774 horrida
1429 727 1596 774 suasit:

305 806 502 850 namque
534 807 638 838 suos
672 792 1035 851 consanguineos
1067 792 1218 839 aliena
1245 809 1465 852 rogorum

303 855 492 914 insuper
524 860 737 904 extructa
767 858 946 916 ingenti
979 857 1176 905 clamore
1208 858 1434 916 locabant,

305 920 652 980 subdebantque
683 921 819 975 faces,
852 922 996 970 multo
1029 939 1130 969 cum
1165 924 1391 982 sanguine
1423 920 1557 984 saepe

303 985 510 1032 rixantes
543 987 694 1045 potius
727 1004 864 1046 quam
899 1004 1090 1047 corpora
1122 988 1452 1036 desererentur.

274 1214 364 1239 esse.
379 1201 499 1239 Laeli.
513 1202 663 1244 (Bern.)
677 1203 828 1240 tenebat
837 1216 852 1249 ‚·
865 1202 1049 1247 elegante
1066 1215 1129 1240 ma
1143 1215 1222 1240 non
1236 1203 1472 1242 necessario.
1522 1224 1555 1230 --
1581 1204 1686 1243 1273.
1703 1218 1764 1244 cae·

274 1250 491 1295 dz'tuentes‚·
518 1249 618 1287 Geli.
643 1250 725 1286 ΧΠ
753 1251 796 1287 10
822 1252 844 1287 8
877 1250 989 1287 Titus
1021 1255 1148 1288 autem
1174 1251 1385 1289 Lueretius
1416 1254 1460 1289 in
1492 1254 1668 1291 carmine
1690 1265 1765 1292 suo

268 1309 342 1343 pro
368 1296 540 1334 aedituis
565 1296 816 1334 aedituentes
844 1298 1017 1344 appellat
1127 1317 1167 1323 -
1194 1298 1415 1336 1276-1284.
1438 1299 1518 1338 cfr.
1537 1298 1651 1338 Ovid.
1677 1306 1763 1339 met.

278 1344 352 1381 VII
369 1346 536 1381 606-610.
638 1364 675 1370 -
700 1345 805 1382 1279.
822 1348 1026 1391 praesenti
1033 1359 1047 1391 ‚·
1072 1351 1260 1391 proposta
1277 1345 1341 1384 del
1362 1347 1504 1385 Munro
1523 1359 1594 1392 per
1612 1346 1674 1389 οἰὸ
1691 1348 1764 1390 elie

272 1404 413 1429 manca
440 1392 504 1429 nei
529 1391 671 1438 codici;
698 1405 775 1430 non
803 1393 946 1438 sieut-a,
973 1406 1036 1430 ma
1070 1393 1138 1437 piu
1164 1394 1370 1438 probabile
1397 1394 1437 1432 di
1463 1398 1696 1441 compostum
1723 1395 1762 1434 di

272 1439 390 1476 Laeh.
417 1439 534 1477 Bern.
560 1439 653 1484 Brg.
751 1460 797 1465 —
814 1439 918 1477 1280.
944 1453 1020 1487 res,
1045 1441 1316 1486 integrazione
1343 1441 1407 1480 del
1445 1453 1567 1490 verse,
1585 1454 1695 1482 come
1722 1443 1764 1482 in

272 1487 415 1524 Munro
442 1499 462 1524 e
491 1487 604 1533 Brg.;
629 1486 656 1523 il
687 1487 808 1525 Lach.
840 1500 905 1525 res
931 1501 951 1525 e
977 1488 1151 1534 szcbilae,·
1183 1488 1210 1526 il
1247 1489 1366 1527 Bern.
1403 1501 1520 1528 mors,
1545 1490 1578 1528 Ε
1605 1489 1763 1531 difficile

272 1533 455 1571 decidere
484 1547 526 1572 se
555 1534 669 1572 Luer.
695 1535 748 1572 ha
773 1535 910 1573 scritto
935 1548 999 1572 res
1028 1547 1050 1572 o
1080 1548 1213 1582 mors;
1237 1549 1301 1574 res
1333 1536 1451 1582 pero,
1477 1538 1555 1576 ben
1587 1537 1764 1577 conside-

272 1586 373 1627 rato,
394 1581 444 1618 da
466 1594 519 1618 un
547 1582 702 1627 miglior
731 1594 858 1620 sense.
954 1603 1001 1608 -——
1023 1583 1117 1618 1281
1139 1596 1194 1628 sg.
1221 1597 1406 1628 rossormn
1432 1589 1628 1631 extranta,
1648 1597 1763 1624 come

271 1630 340 1666 561
364 1633 542 1666 attracta
567 1630 778 1672 domorum,
804 1643 823 1668 e
854 1631 911 1667 IV
937 1631 1006 1668 359
1032 1643 1220 1668 saxormn
1245 1636 1409 1670 structa.
1435 1632 1515 1670 Ofr.
1542 1631 1656 1671 Ovid.
1681 1632 1707 1671 l.
1729 1645 1760 1673 e.

273 1677 342 1713 610
368 1676 586 1723 alienisque
612 1677 772 1724 iynibus
799 1679 962 1722 arden&
987 1678 1075 1715 Sen.
1105 1678 1193 1716 Oed.
1213 1681 1259 1716 64
1283 1680 1378 1717 Tum
1402 1682 1568 1727 propria
1590 1680 1764 1726 flammis

273 1736 437 1770 corpora
459 1725 604 1762 alienis
630 1730 814 1762 cremant.
836 1726 1044 1772 Diripitur
1062 1727 1192 1771 mnis:
1214 1727 1350 1765 nullus
1371 1731 1426 1764 est
1443 1729 1600 1766 miseris
1615 1728 1762 1774 pudor.

271 1771 422 1808 Seneca
441 1784 567 1810 aveva
587 1772 627 1809 in
648 1776 778 1810 mente
795 1772 846 1810 ad
864 1786 916 1810 un
939 1777 1071 1818 tempo
1090 1773 1280 1812 Lucrezio
1299 1787 1319 1812 e
1338 1774 1540 1812 Tueididc.
1641 1795 1680 1801 -
1703 1777 1764 1814 in-

271 1831 388 1865 super
416 1819 663 1866 eoll'aceus.;
689 1821 844 1858 altrove
872 1820 1157 1859 coll'ablativo.
