1872 3002
311 187 368 236 24
728 182 814 236 DE
844 180 1077 236 RERUM
1106 181 1382 234 NATURA
1401 131 1475 150 ῃ

241 297 307 333 177
339 287 476 330 natus
508 283 629 330 enim
662 282 795 330 debet
826 282 1101 341 quicumque
1132 285 1200 329 est
1231 281 1347 328 velle
1377 297 1564 329 manere

338 349 386 396 in
417 349 528 406 vita,
561 349 706 396 donec
736 348 951 395 retinebit
982 347 1153 395 blanda
1185 346 1419 406 voluptas:

338 414 418 473 qui
448 429 699 473 numquam
733 429 843 461 vero
874 413 999 461 vitae
1030 412 1240 471 gustavit
1271 427 1470 460 amorem

239 492 307 530 180
338 495 421 525 nec
452 478 540 525 fuit
571 478 621 524 in
652 494 858 536 numero,
891 477 1002 537 quid
1033 477 1161 524 obest
1192 493 1284 524 non
1314 492 1412 524 csse
1444 477 1682 525 creatum?

339 543 599 602 exemplum
630 559 765 601 porro
797 542 1050 602 gignundis
1082 542 1218 589 rebus
1250 546 1295 589 et
1325 542 1426 601 ipsa

337 610 523 657 notities
555 609 793 657 hominum
826 610 898 658 dis
929 609 1049 657 unde
1081 613 1150 656 est
1180 609 1323 656 insita
1353 609 1568 668 primum,

338 675 448 734 quid
479 674 649 722 vellent
681 675 828 722 facere
860 678 912 722 ut
944 674 1113 722 scirent
1144 673 1388 734 animoque
1418 674 1641 733 viderent,

337 756 483 800 quove
513 740 692 788 modost
722 757 941 800 umquam
977 741 1044 787 vis
1078 740 1264 798 cognita
1295 739 1638 799 principiorum,

238 817 305 853 185
337 807 538 866 quidque
570 807 690 854 inter
722 823 819 855 sese
851 810 1111 866 permutato
1143 805 1302 852 ordine
1335 810 1531 864 possent,

336 871 376 919 si
405 887 498 919 non
528 871 629 930 ipsa
661 871 786 919 dedit
816 872 1046 931 specimen
1076 875 1245 917 natura
1275 871 1493 918 creandi?

337 953 536 996 namque
567 937 634 984 ita
666 937 812 984 multa
844 937 991 984 modis
1022 936 1181 983 multis
1214 936 1466 995 primordia
1496 952 1651 984 rerum

307 1161 432 1207 credo,
459 1173 531 1199 con
553 1160 596 1198 L.
623 1161 695 1198 Bn.
715 1161 809 1206 Brg.
835 1173 907 1206 per
924 1173 1012 1198 mss.
1040 1173 1093 1198 an
1119 1160 1244 1207 credo,
1271 1161 1342 1199 che
1370 1161 1397 1198 il
1415 1161 1610 1200 Lambino
1636 1144 1796 1200 difeniie

307 1221 379 1247 con
398 1208 477 1248 Cic.
495 1209 549 1246 ad
564 1209 672 1261 fam„
691 1209 749 1246 IV
767 1210 788 1246 5
807 1210 828 1246 3
847 1221 900 1246 an
922 1209 1036 1246 illius
1056 1211 1187 1254 vicem,
1209 1210 1333 1255 credo,
1352 1210 1458 1247 doles
1471 1209 1492 1247 ,9
1515 1209 1583 1247 Ma
1607 1208 1637 1247 il
1661 1221 1752 1248 caso
1774 1208 1796 1247 ὸ

308 1262 385 1300 ben
406 1262 572 1300 diverso.
591 1262 623 1299 Ε
646 1262 818 1307 Sulpicio
836 1262 908 1300 che
925 1261 1052 1299 scrive
1070 1274 1094 1299 a
1107 1261 1297 1300 Cicerone
1312 1275 1384 1308 per
1403 1263 1443 1300 la
1459 1265 1586 1301 morte
1600 1262 1640 1301 di
1653 1262 1796 1308 Tullia,

307 1323 328 1347 e
346 1310 451 1347 nelle
468 1322 537 1347 sue
556 1309 692 1354 parole
713 1322 793 1347 non
811 1309 867 1347 c'e
885 1310 1024 1348 ombra
1043 1309 1227 1356 d’ironia;
1240 1310 1270 1347 il
1291 1311 1404 1348 credo
1420 1311 1508 1355 (che
1526 1309 1548 1348 ὸ
1569 1310 1697 1349 anche
1718 1310 1796 1348 ben

305 1360 481 1395 staccato
496 1357 546 1394 da
561 1357 630 1401 an)
647 1358 740 1395 vuol
759 1357 860 1395 dire:
881 1356 929 1394 “e
946 1357 984 1395 lo
1003 1357 1120 1396 credo
1138 1357 1252 1395 bene.
1267 1387 1282 1403 „
1302 1379 1342 1383 —
1359 1357 1600 1396 Fors’anche
1620 1356 1644 1396 ὸ
1659 1358 1727 1404 qui
1745 1357 1796 1396 da

305 1405 468 1450 leggere
488 1417 567 1442 non
586 1406 721 1448 credo5
738 1417 811 1442 con
838 1405 909 1442 che
936 1405 1255 1450 scomparirebbe
1281 1406 1411 1444 anche
1431 1405 1596 1444 l'ardita
1613 1405 1796 1445 8111εεί-

305 1464 424 1490 senza
455 1452 669 1498 guadagno
701 1452 797 1498 pero
827 1458 976 1497 quanto
1007 1465 1030 1489 a
1059 1452 1214 1498 vigoria
1247 1453 1415 1499 poetica.
1535 1472 1581 1480 —
1615 1453 1694 1490 180.
1727 1465 1796 1492 nec

305 1500 388 1545 fuit
413 1502 457 1537 in
482 1513 666 1545 πωπω-0,·
693 1501 720 1537 il
746 1501 889 1538 Munro
907 1501 1063 1545 spiega:
1089 1502 1133 1538 in
1154 1513 1316 1539 numero
1339 1503 1442 1539 vitae
1469 1500 1495 1538 i.
1519 1513 1552 1539 e.
1571 1502 1794 1540 viventium.

305 1548 372 1584 Ma
398 1560 478 1585 non
505 1547 525 1585 ὲ
552 1548 776 1586 necessario
803 1548 830 1584 il
858 1549 1087 1592 sottinteso;
1114 1548 1176 1586 chi
1202 1560 1282 1586 non
1308 1549 1427 1587 esiste
1453 1561 1534 1587 non
1565 1547 1588 1587 ὸ
1612 1561 1796 1587 numera-

306 1595 398 1638 bile,
424 1596 464 1632 in
491 1607 650 1640 genere.
748 1616 794 1620 -—
821 1595 900 1633 181.
928 1596 1151 1642 exemplum.
1192 1594 1205 1610 “
1226 1596 1255 1633 il
1288 1596 1469 1641 modello,
1501 1596 1755 1642 l'esemplare
1776 1626 1790 1644 „

306 1641 390 1680 cioe
416 1648 593 1687 appunto
620 1643 659 1680 la
675 1645 846 1689 notities,
872 1642 896 1680 l’
907 1643 997 1681 idea
1022 1643 1141 1686 (delle
1160 1655 1249 1682 cose
1269 1644 1319 1681 da
1337 1644 1500 1689 creare).
1597 1662 1643 1671 --
1661 1656 1794 1692 porro,

305 1702 414 1727 come
442 1703 540 1735 pure
566 1690 625 1728 s'e
652 1690 719 1736 gia
745 1690 866 1732 detto,
894 1695 1164 1736 contrappone
1191 1704 1212 1729 e
1238 1692 1279 1729 fa
1301 1692 1456 1737 seguito
1482 1704 1507 1729 a
1530 1692 1608 1730 175.
1638 1689 1652 1707 ‘
1674 1691 1793 1730 Come

305 1742 452 1782 poteva
478 1750 642 1775 nascere
669 1738 776 1783 negli
803 1738 866 1776 dei
892 1742 1031 1783 questo
1051 1751 1182 1776 nuovo
1201 1738 1396 1777 desiderio
1413 1738 1450 1776 di
1471 1743 1632 1778 creare?
1658 1751 1680 1777 e
1698 1738 1793 1778 dato

305 1785 432 1822 anche
460 1786 531 1823 che
557 1785 791 1832 l’avessero,
826 1798 934 1823 come
966 1786 1101 1824 hanno
1134 1789 1275 1831 potuto
1302 1787 1485 1825 formarsi
1510 1787 1640 1833 prima
1664 1786 1690 1824 l'
1702 1785 1794 1825 idea

305 1837 379 1870 etc.
401 1863 414 1879 „
515 1853 559 1857 —
581 1835 671 1879 ima
687 1834 879 1871 richiama
896 1833 1198 1884 all’argomento
1216 1833 1454 1880 precedente
1473 1836 1610 1872 contro
1628 1833 1668 1872 la
1685 1845 1794 1872 crea-

305 1880 416 1917 zione
441 1880 639 1918 hominum
665 1893 807 1919 causa:
837 1881 852 1896 “
870 1893 890 1918 e
917 1881 956 1918 la
982 1883 1142 1919 notities
1167 1882 1206 1919 di
1233 1883 1367 1928 quegli
1394 1882 1540 1920 uomini
1567 1881 1696 1929 stessi,
1749 1893 1793 1920 er

305 1940 415 1964 amor
441 1927 504 1965 dei
531 1928 639 1973 quali
665 1929 747 1966 dite
774 1929 846 1966 che
871 1928 1042 1966 volevan
1068 1941 1205 1967 creare
1224 1955 1258 1974 „.
1354 1949 1396 1956 —
1424 1929 1504 1966 182.
1530 1931 1689 1968 notities
1752 1929 1793 1968 la

305 1970 490 2023 πρόληψις
515 1975 553 2012 di
580 1976 765 2022 Epicuro,
791 1976 863 2014 che
885 1976 1073 2014 Cicerone
1092 1976 1256 2015 traduce
1274 1979 1393 2023 notio,
1414 1979 1631 2024 praenotio,
1649 1978 1789 2015 antici-

298 2025 423 2068 patio,
437 2035 457 2060 e
473 2023 610 2068 spiega
624 2036 732 2061 come
747 2036 827 2061 una
844 2028 1044 2070 antecepta
1065 2026 1198 2063 animo
1218 2025 1317 2069 (rei)
1337 2025 1529 2072 quaedam
1545 2023 1790 2071 informatio.

303 2069 398 2107 Nat.
418 2072 521 2108 deor,
543 2071 562 2108 I
580 2074 602 2112 ἓ
619 2073 676 2109 43.
693 2072 730 2109 N
734 2072 770 2109 el
787 2072 977 2109 sensismo
997 2072 1181 2117 epicureo
1202 2073 1240 2110 le
1261 2072 1349 2110 idee
1367 2085 1446 2110 non
1468 2084 1637 2118 possono
1653 2072 1791 2110 venire

304 2118 376 2155 che
404 2117 507 2155 dalle
533 2120 775 2157 sensazioni:
801 2131 897 2157 sono
923 2119 1013 2156 anzi
1039 2132 1119 2157 una
1145 2120 1275 2165 specie
1299 2119 1339 2157 di
1356 2122 1524 2158 estratto
1541 2119 1791 2158 accumulato

303 2165 342 2201 di
370 2178 454 2203 esse
482 2167 722 2212 sensazioni3
750 2167 910 2212 dunque
937 2167 974 2204 le
1000 2167 1089 2205 idee
1115 2179 1194 2204 non
1220 2179 1390 2213 possono
1415 2167 1488 2205 che
1509 2166 1623 2206 venir
1641 2166 1744 2213 dopo
1762 2166 1792 2204 il

302 2213 410 2250 reale
439 2233 481 2238 —-
508 2214 567 2251 sia
594 2227 667 2259 pur
693 2218 833 2259 questo
856 2227 937 2252 una
963 2215 1148 2260 semplice
1174 2211 1341 2255 σύστασις
1367 2230 1427 2262 -;
1454 2227 1524 2253 era
1547 2214 1790 2260 impossibile

302 2277 399 2303 aver
425 2265 548 2303 l’idea
576 2267 615 2303 di
640 2268 790 2305 uomini
815 2267 943 2312 prima
969 2267 1041 2305 che
1068 2268 1298 2307 esistessero
1324 2268 1485 2306 uomini.
1518 2256 1552 2306 Ε
1585 2280 1639 2305 un
1664 2269 1790 2313 punto

303 2314 475 2358 capitale
502 2313 540 2350 di
566 2315 758 2352 canonica
784 2316 989 2361 epicurea3
1021 2327 1042 2352 e
1069 2315 1437 2361 quest’argomento
1468 2315 1493 2353 l’
1504 2315 1690 2354 abbiamo
1723 2313 1790 2360 gia

302 2360 405 2398 visto
431 2361 490 2398 IV
515 2363 583 2398 471
612 2375 709 2409 sgg„
740 2375 761 2400 e
792 2363 830 2400 lo
865 2365 1088 2400 troveremo
1120 2363 1190 2408 piu
1221 2363 1359 2401 avanti
1385 2363 1422 2401 V
1449 2363 1553 2401 1045.
1651 2381 1694 2388 —
1726 2363 1790 2400 dis

302 2408 347 2445 L.
367 2420 388 2445 e
415 2409 458 2445 B.
480 2421 551 2453 per
576 2410 680 2447 divis
689 2424 705 2457 ,·
728 2410 871 2448 Munro
899 2423 919 2448 e
946 2410 1038 2455 Brg.
1059 2411 1200 2448 invece
1227 2414 1480 2457 trasportano
1515 2411 1619 2449 divis
1651 2410 1790 2448 avanti

303 2455 521 2503 hominum,
540 2457 645 2494 forse
663 2470 686 2494 a
712 2458 888 2502 ragione.
954 2476 1001 2483 -—
1027 2457 1112 2493 183.
1133 2459 1202 2496 cfr.
1223 2460 1326 2496 1047.
1377 2477 1423 2486 -·
1447 2458 1528 2497 185.
1548 2459 1620 2505 qui
1671 2470 1718 2496 ue
1732 2484 1740 2493 .
1755 2486 1764 2495 .
1779 2486 1788 2495 .

296 2508 456 2548 possent
474 2503 642 2548 dipende
661 2504 711 2541 da
732 2508 926 2551 coynitum
947 2509 1012 2542 est.
1070 2525 1114 2530 —
1134 2506 1220 2543 186.
1239 2506 1309 2544 cfr.
1329 2507 1421 2544 1359
1438 2519 1495 2552 sg.
1553 2524 1596 2532 —
1616 2506 1635 2540 1
1666 2506 1686 2542 7
1704 2517 1789 2550 sgg.

304 2550 508 2588 “Giacche
527 2552 606 2589 cosi
623 2551 665 2589 e:
684 2565 763 2590 non
781 2552 846 2597 gia
872 2552 1000 2591 dieti-o
1025 2565 1106 2590 una
1131 2552 1222 2591 idea
1247 2554 1509 2598 preesistente
1534 2551 1556 2591 ὁ
1581 2556 1686 2591 stato
1709 2551 1789 2590 for-

301 2601 408 2636 mato
429 2599 461 2635 ‘il
487 2599 641 2643 mondo,
667 2612 731 2637 ma
757 2600 850 2637 nell'
861 2600 1018 2637 infinita
1045 2600 1147 2638 delle
1165 2601 1452 2639 combinazioni
1469 2599 1667 2639 atomiche
1683 2598 1706 2638 ὲ
1724 2611 1786 2638 ca—

302 2645 430 2690 pitata
456 2646 563 2684 fuori
588 2648 715 2685 anche
743 2650 885 2693 questa
905 2674 936 2691 ,‚-
972 2648 1063 2686 Non
1088 2648 1121 2685 si
1142 2661 1287 2694 posson
1312 2648 1397 2686 dire
1422 2647 1543 2687 oziosi
1567 2647 1637 2694 qui
1656 2647 1787 2692 questi

302 2693 419 2735 versi,
447 2706 555 2732 come
582 2708 677 2739 pare
704 2695 743 2732 al
769 2696 924 2733 Munro.
950 2695 983 2732 Ε
1010 2700 1159 2740 quanto
1185 2696 1361 2734 all’csser
1382 2696 1475 2733 fatti
1494 2695 1535 2733 di
1550 2694 1787 2741 rimtizioni,

302 2739 323 2777 e
350 2741 547 2787 naturale,
574 2742 814 2781 trattandosi
841 2742 880 2780 di
905 2754 984 2780 uno
1012 2742 1051 2780 di
1077 2743 1169 2788 quei
1195 2744 1365 2782 concetti
1396 2742 1697 2785 fondamentali,
1720 2743 1786 2788 pei

302 2789 411 2833 quali
444 2790 636 2829 Lucrezio
667 2791 720 2828 ha
754 2790 920 2829 formole
946 2789 1144 2838 stabilite;
1177 2791 1247 2829 cfr.
1281 2791 1435 2829 187-191
1471 2803 1545 2829 con
1568 2790 1739 2837 422-426,
1764 2801 1786 2828 e
