1872 3002
339 185 423 230 164
748 181 833 228 DE
870 179 1103 229 RERUM
1132 179 1411 246 NATURA

367 277 562 335 agrestis
595 276 789 323 docuere
821 291 959 323 cavas
990 273 1152 321 inflare
1183 274 1372 322 cicutas.

366 343 473 390 inde
505 340 770 389 minutatim
803 339 948 387 dulcis
981 338 1179 386 didicere
1210 338 1448 398 querellas,

340 558 560 602 1403-1406)
586 557 614 594 il
640 570 676 595 v.
706 558 795 595 1407
817 557 858 594 fa
885 557 1158 595 ottimamente
1185 557 1487 596 continuazione
1513 570 1537 596 a
1564 559 1668 606 1383,
1703 571 1824 598 senza

338 607 408 644 che
435 617 597 644 occorra
621 605 690 650 piu
716 617 796 642 una
821 604 984 651 lacuna3
1009 607 1122 643 tanto
1140 605 1210 649 piu
1227 605 1300 643 che
1317 617 1476 644 servare
1493 617 1700 646 numerum
1723 606 1824 653 (cioe

337 655 439 692 farlo
465 654 640 697 servare)
666 665 734 690 era
761 653 921 698 proprio
947 652 1105 690 l’ufficio
1131 652 1238 691 della
1263 653 1375 696 tibia,
1401 665 1511 692 come
1536 665 1672 700 ognun
1688 665 1734 693 sa
1751 655 1824 693 che

337 701 481 740 ricordi
507 714 544 745 p.
567 713 619 738 es.
639 700 668 737 il
694 703 836 740 teatro‚
864 701 900 738 le
926 700 1139 738 cerimonie
1164 700 1361 745 religiose,
1389 713 1410 738 e
1434 699 1588 746 perfluo
1613 701 1652 740 le
1671 701 1739 741 file
1759 702 1824 741 dei
1866 699 1872 735 ’-

337 749 527 788 rematori
551 749 606 791 (v.
633 747 739 786 Guhl
766 761 786 785 e
812 748 960 792 Koner,
986 748 1027 785 II
1053 747 1150 786 ediz.
1178 749 1273 794 ital„
1301 748 1317 785 1
1343 749 1439 793 366).
1464 748 1583 787 Della
1608 749 1703 796 qual
1724 749 1825 788 tibia
1869 776 1872 777 ν

336 798 364 834 il
390 799 589 835 carattere
616 795 846 842 essenziale,
870 807 892 833 e
919 795 1124 833 distintivo
1150 795 1257 833 dalla
1274 808 1507 842 zampogna,
1531 808 1602 835 era
1626 797 1700 836 che
1717 798 1824 838 fosse
1868 801 1872 822 ³

338 858 418 882 una
444 856 573 882 canna
599 843 682 882 sola
708 855 782 881 con
806 844 916 881 molti
939 843 1071 885 buchi‚
1097 843 1147 881 da
1166 843 1354 882 chiudere
1377 856 1398 881 e
1416 844 1567 891 aprire3
1593 857 1614 883 e
1630 845 1824 884 Luerezio

337 891 396 930 cio
424 891 592 936 esprime
619 903 693 929 con
727 892 864 937 diqitis
886 892 1049 938 pulsata
1074 895 1293 938 canentum,
1321 893 1436 938 1383;
1462 891 1512 930 ed
1542 890 1565 930 ὁ
1590 891 1729 938 quindi
1753 894 1825 940 piu

339 940 410 978 che
439 939 625 977 naturale
652 939 724 976 che
744 939 771 976 il
789 951 905 977 verso
926 938 1026 977 dove
1047 940 1185 977 invece
1206 940 1239 977 si
1259 939 1519 978 caratterizza
1533 939 1574 978 la
1592 952 1825 987 zampogna,
1871 974 1872 979 ,

340 988 444 1030 1405,
468 999 600 1032 venga
625 987 766 1032 prima,
792 999 813 1024 e
839 999 918 1024 non
944 987 1058 1032 dopo.
1085 987 1212 1025 Senza
1238 990 1383 1026 metter
1408 990 1634 1033 sottosopra
1657 987 1824 1027 l'ordine
1870 993 1872 1001 '

338 1034 612 1080 tradizionale,
638 1035 830 1072 riassumo
856 1037 963 1072 tutta
995 1037 1137 1080 questa
1168 1034 1410 1074 discussione
1444 1035 1678 1083 riportando
1703 1036 1771 1084 qui
1796 1037 1826 1074 li

338 1084 464 1121 branc
490 1083 619 1121 intere
646 1082 820 1128 disposto
847 1094 956 1121 come
981 1083 1019 1120 io
1046 1094 1268 1128 propongo:
1654 1085 1658 1088 ’

551 1190 619 1218 1377
638 1189 680 1218 At
699 1188 842 1226 liquidas
863 1188 972 1218 avium
990 1197 1090 1218 voces
1109 1188 1269 1218 imitarier
1288 1197 1344 1219 ore

638 1232 715 1260 ante
734 1230 798 1259 fuit
816 1231 951 1260 multum
972 1239 1070 1267 quam
1089 1230 1176 1259 levia
1195 1231 1342 1261 carmina
1361 1233 1459 1261 cantu

637 1272 871 1302 concelebrare
891 1272 1037 1302 homines
1057 1275 1193 1309 possent
1209 1273 1363 1309 aurisque
1383 1273 1509 1302 iuvare.

549 1317 619 1345 1380
638 1318 670 1344 et
689 1314 824 1352 zephyri
845 1323 928 1344 cava
947 1323 1007 1352 per
1027 1314 1227 1344 calamorum
1247 1314 1344 1344 sibila
1363 1315 1500 1352 primum

550 1359 616 1386 1381
637 1359 787 1393 agrestes
805 1356 947 1386 docuere
967 1364 1067 1386 cavas
1086 1356 1202 1385 inflare
1222 1356 1358 1386 cicutas.

548 1399 618 1428 1403
637 1402 669 1428 et
689 1399 904 1435 vigilantibus
925 1398 1000 1428 hinc
1019 1398 1160 1428 aderant
1180 1398 1304 1428 solacia
1323 1407 1446 1435 somno,

638 1441 758 1470 ducere
779 1439 977 1469 multimodis
993 1448 1092 1469 voces
1113 1441 1145 1469 et
1162 1439 1295 1470 flectere
1316 1442 1432 1470 cantus

638 1483 670 1510 et
690 1489 811 1518 supera
832 1480 976 1510 calamos
996 1488 1081 1509 unco
1100 1489 1295 1515 percurrere
1314 1480 1429 1515 labro3

550 1525 619 1553 1406
639 1524 724 1553 unde
745 1525 843 1553 etiam
864 1523 981 1560 vigiles
1001 1532 1088 1553 nunc
1108 1523 1190 1553 haec
1211 1525 1350 1560 accepta
1370 1525 1512 1559 tuentur.

550 1568 618 1595 1384
638 1566 713 1595 avia
732 1574 793 1602 per
811 1574 947 1594 nemora
966 1574 1006 1595 ac
1027 1565 1128 1594 silvas
1147 1567 1316 1602 saltusque
1336 1568 1478 1602 reperta,

552 1608 620 1635 1385
640 1615 699 1643 per
718 1606 792 1636 loca
812 1608 983 1642 pastorum
1003 1606 1134 1636 deserta
1154 1609 1254 1643 atque
1274 1607 1342 1636 otia.
1362 1607 1427 1636 dia.

552 1649 620 1677 1388
639 1647 721 1677 haec
739 1648 866 1677 animas
886 1648 959 1676 ollis
979 1648 1166 1677 mulcebant
1186 1650 1285 1684 atque
1305 1647 1464 1678 iuvabant

640 1698 711 1719 cum
733 1689 852 1719 satiate
874 1689 954 1719 cibi:
973 1698 1048 1718 nam
1069 1691 1136 1718 tum
1156 1692 1232 1719 sunt
1252 1690 1399 1719 carmina
1418 1689 1519 1719 cordi.

552 1732 621 1760 1390
640 1739 740 1767 saepe
758 1731 871 1767 itaque
891 1731 975 1760 inter
994 1739 1029 1760 se
1049 1731 1207 1768 prostrati
1227 1731 1259 1760 in
1279 1731 1427 1766 gramine
1447 1731 1536 1761 molli

638 1775 774 1809 propter
793 1781 901 1809 aquae
921 1773 1025 1801 rivom
1045 1772 1105 1802 sub
1125 1773 1224 1802 ramis
1245 1773 1374 1802 arboris
1394 1773 1482 1802 altae

637 1823 702 1844 non
722 1815 849 1849 magnis
869 1813 987 1851 opibus
1008 1815 1148 1844 iucunde
1168 1823 1309 1853 corpora
1329 1814 1497 1845 habebant

640 1857 834 1893 praesertim
855 1866 927 1886 eum
944 1858 1122 1892 tempestas
1142 1856 1274 1886 ridebat
1293 1857 1420 1897 etbanni

642 1902 789 1935 tempora
810 1898 991 1935 pingebant
1010 1897 1184 1928 viridantis
1203 1898 1339 1928 floribus
1358 1899 1488 1929 herbas.

554 1941 623 1969 1395
644 1950 657 1975 :1
673 1942 741 1970 tum
760 1941 843 1976 ioca,
862 1943 930 1970 tum
950 1949 1068 1976 sermo,
1088 1942 1155 1970 tum
1177 1940 1289 1970 dulces
1309 1949 1383 1971 esse
1400 1940 1551 1971 cachinni

639 1984 847 2013 consuerant.
867 1982 1009 2018 agrestis
1030 1983 1115 2012 enim
1135 1984 1202 2012 tum
1222 1991 1316 2012 musa.
1335 1983 1469 2019 vigebat
1483 1983 1496 2018 ΙΙ

554 2026 622 2054 1397
642 2027 708 2053 tum
728 2026 828 2061 caput
847 2026 947 2060 atque
967 2032 1099 2054 umeros
1117 2025 1223 2061 plexis
1243 2024 1395 2054 redimire
1416 2024 1546 2054 coronis

639 2065 774 2095 floribus
795 2067 827 2094 et
846 2065 934 2094 foliis
955 2066 1091 2095 lascivia
1110 2067 1200 2095 laeta
1218 2066 1381 2101 monebat.

638 2109 737 2143 atque
757 2108 853 2136 extra
872 2115 1041 2136 numerum
1062 2107 1243 2144 procedere
1262 2107 1408 2137 membra
1426 2108 1595 2137 moventes

549 2150 619 2178 1400
638 2148 764 2178 duriter
782 2150 815 2177 et
834 2147 915 2177 duro
935 2150 1057 2178 terram
1077 2149 1161 2185 pede
1181 2149 1303 2186 pellere
1322 2151 1475 2184 matrem3
1559 2144 1568 2155 “

639 2190 726 2220 unde
747 2191 938 2220 oriebantur
958 2191 1044 2220 risus
1064 2191 1242 2228 dulcesque
1263 2191 1423 2227 cachinni,

552 2234 620 2261 1402
640 2233 748 2262 omnia
768 2232 855 2269 quod
875 2241 961 2262 nova
977 2235 1045 2262 tum
1064 2233 1168 2269 magis
1187 2233 1271 2262 haec
1291 2235 1323 2262 et
1341 2233 1425 2262 mira
1443 2231 1609 2269 vigebant.

553 2276 622 2303 1382
641 2274 716 2303 inde
734 2274 917 2303 minutatim
937 2273 1041 2303 dulcis
1061 2274 1205 2304 didicere
1226 2275 1392 2311 querellas

552 2317 621 2345 1383
639 2316 720 2345 tibia
740 2324 822 2352 quas
842 2315 949 2345 fundit
969 2316 1079 2352 digitis
1100 2317 1232 2354 pulsata
1252 2319 1438 2352 canentum,

553 2360 622 2387 1407
642 2359 674 2388 et-
693 2358 862 2387 numerfim
882 2366 1016 2387 servare
1036 2367 1139 2394 genus
1161 2359 1321 2388 didicere:
1342 2367 1450 2395 neque
1468 2358 1534 2388 hilo

639 2400 794 2429 maiorem
815 2400 942 2429 interea
962 2400 1096 2436 capiunt
1117 2401 1292 2430 dulcedini'
1311 2401 1454 2430 fructum

553 2441 622 2469 1409
641 2449 739 2477 quam
761 2440 910 2469 silvestre
930 2448 1034 2476 genus
1054 2441 1207 2477 capiebat
1226 2441 1478 2477 terrigenarum.

435 2542 534 2578 1377.
559 2544 770 2587 imitarier,
789 2544 952 2580 sostant.
972 2542 1042 2580 cfr.
1059 2543 1121 2580 III
1139 2545 1195 2580 67.
1291 2563 1338 2569 -
1355 2543 1461 2579 1378.
1487 2544 1589 2581 levia
1607 2542 1827 2588 (Purmann
1858 2535 1872 2591 J,

341 2590 490 2636 mollia,
515 2602 634 2627 senza
660 2590 839 2635 ragione)
865 2602 960 2628 sono
986 2590 999 2627 i
1020 2593 1202 2628 carmina
1224 2591 1521 2629 metricamente
1542 2590 1727 2636 regola-i,
1753 2603 1826 2629 con
1851 2593 1872 2620 ¹1

342 2638 523 2682 regolare
549 2638 665 2675 ritmo
692 2637 978 2683 quantitativo3
1011 2636 1032 2675 e
1057 2638 1085 2675 il
1111 2638 1310 2676 contrario
1345 2638 1385 2676 di
1409 2638 1590 2686 horrida,
1622 2637 1687 2677 nel
1713 2650 1872 2677 senso

340 2684 631 2722 dell'oraziano
677 2685 867 2723 horridus
891 2687 1122 2730 saturnium
1161 2686 1230 2724 cfr.
1273 2687 1364 2724 1399
1403 2691 1514 2730 extra
1559 2698 1764 2724 numerum
1805 2699 1826 2723 e

342 2734 430 2769 1407
458 2745 663 2770 numerum
681 2745 837 2770 serva-re
856 2745 989 2778 (lenus.
1099 2754 1144 2759 -—
1166 2734 1275 2771 1379.
1304 2733 1608 2781 Concelebrare;
1630 2733 1659 2771 il
1684 2732 1827 2771 Munro

340 2779 460 2820 molto
494 2780 760 2828 giustamcnte
787 2780 995 2823 confronta
1021 2780 1210 2823 Cicerone
1245 2783 1290 2822 de
1315 2783 1392 2822 inv.
1425 2782 1442 2822 Ι
1469 2783 1492 2822 4
1518 2781 1619 2824 mihi
1644 2781 1828 2823 videntur

1845 2667 1872 2706 {1

1843 2707 1872 2862 2,

1862 2879 1872 2901 E

1854 2904 1872 3002 i
