1872 3002
355 202 442 248 226
772 201 857 248 DE
888 201 1121 249 RERUM
1151 201 1432 250 NATURA

283 380 352 417 660

281 782 351 818 665

279 1108 348 1145 670

383 300 431 343 at
463 300 623 343 contra
655 295 820 355 quibus
852 300 920 343 est
952 295 1111 343 eadem
1142 312 1214 344 res
1246 296 1373 344 intus
1404 298 1584 356 acerba,

384 378 558 421 aspera,
590 361 823 419 nimirum,
856 366 1099 420 penetrant
1131 362 1410 422 hamataque
1442 363 1610 411 fauces.

382 443 505 474 nunc
535 427 668 473 facile
701 431 769 474 est
799 443 857 474 ex
887 426 958 474 his
990 428 1128 475 rebus
1159 444 1432 488 cognoscere
1463 445 1670 490 quaeque

1082 507 1116 538 κ

383 573 563 633 quippe,
597 573 677 620 ubi
709 573 783 620 cui
814 573 956 621 febris
987 573 1071 621 bili
1101 579 1347 634 superante
1379 580 1536 624 coorta
1567 581 1636 627 est

381 643 461 686 aut
494 638 586 684 alia
617 637 797 685 ratione
829 638 1032 698 aliquast
1064 638 1135 687 vis
1167 640 1321 688 excita
1351 641 1515 699 morbi,
1621 699 1627 702 ,

382 704 678 762 perturbatur
708 704 775 751 ibi
806 704 898 752 iam
930 709 1078 752 totum
1112 721 1289 765 corpus,
1323 711 1369 753 et
1401 723 1557 756 omnes

383 773 725 816 commutantur
755 769 821 816 ibi
851 769 1085 828 positurae
1118 771 1475 831 principiorum;

381 839 432 882 ut
464 835 589 893 prius
621 834 680 881 ad
711 851 895 882 sensum
929 852 1045 895 quae
1079 852 1272 895 corpora
1305 838 1640 887 conveniebant

381 916 505 947 nunc
535 916 626 947 non
659 900 948 959 conveniant,
982 905 1027 948 et
1060 906 1211 948 cetera
1244 901 1337 949 sint
1372 904 1521 963 magis
1553 909 1676 963 apta,

380 981 496 1025 quae
529 970 769 1024 penetrata
802 970 975 1024 queunt
1007 982 1190 1014 sensum
1224 968 1504 1026 progignere
1537 970 1776 1027 acerbum;

379 1035 575 1089 utraque
607 1031 729 1077 enim
762 1037 869 1078 sunt
899 1031 948 1078 in
980 1031 1127 1080 mellis
1160 1033 1411 1080 commixta
1443 1050 1629 1094 sapore;

378 1096 426 1142 id
458 1096 579 1154 quod
610 1096 703 1142 iam
735 1112 900 1155 supera
931 1096 1021 1143 tibi>
1048 1113 1182 1156 saepe
1215 1098 1498 1147 ostendimus
1529 1104 1650 1148 ante.

438 1161 484 1207 N
490 1177 575 1207 unc
607 1177 708 1219 age,
743 1167 997 1220 quo'pacto
1030 1162 1156 1209 naris
1188 1163 1396 1210 adiectus
1428 1163 1579 1212 odoris

378 1231 544 1285 tangat
576 1242 727 1285 agam.
763 1227 962 1286 primum
995 1243 1066 1275 res
1098 1227 1268 1276 multas
1299 1244 1394 1276 esse
1426 1234 1652 1280 necessest

350 1422 401 1459 da
427 1423 629 1460 Lucrezio.
726 1443 771 1447 —
799 1421 887 1459 660.
914 1422 1052 1469 fauces
1078 1423 1146 1468 qui
1171 1435 1249 1461 non
1276 1422 1297 1461 ὲ
1324 1423 1392 1470 gie
1416 1424 1457 1462 la
1481 1425 1586 1472 gola,
1619 1439 1684 1465 ma
1708 1427 1746 1466 le
1772 1441 1838 1467 en-

348 1473 503 1507 trature
530 1470 592 1507 dei
619 1470 751 1515 meati,
777 1469 839 1507 dei
867 1469 1084 1517 foramina.
1183 1491 1226 1497 —
1250 1471 1336 1510 661.
1364 1473 1503 1510 Anche
1530 1474 1597 1519 qui
1622 1474 1651 1512 il
1671 1475 1838 1522 Brieger

349 1519 401 1554 ha
433 1518 510 1555 ben
544 1519 646 1555 visto
676 1518 713 1555 la
750 1517 905 1561 lacuna,
927 1518 1319 1563 coll’integrazione:
1355 1518 1371 1535 “
1391 1532 1500 1558 come
1526 1534 1563 1566 p.
1590 1534 1644 1560 ee.
1669 1523 1741 1562 che
1767 1536 1848 1570 perx

348 1578 428 1602 una
453 1577 623 1610 persona
656 1565 803 1602 malata
836 1566 956 1604 abbia
990 1578 1131 1611 sapore
1165 1579 1300 1604 amaro
1328 1566 1387 1605 cib
1414 1568 1486 1605 che
1511 1581 1582 1614 per
1607 1569 1722 1608 solito
1748 1583 1837 1609 essa

347 1616 463 1650 trova
489 1613 527 1649 di
554 1625 671 1658 sapor
705 1613 827 1650 dolce.
850 1643 865 1658 „
895 1614 983 1650 Non
1003 1613 1031 1651 ,ὸ
1058 1614 1264 1659 probabile
1291 1614 1363 1652 che
1388 1615 1582 1661 Lucrezio,
1605 1617 1701 1656 lasci
1728 1618 1838 1657 indo-

347 1661 462 1697 vinar
491 1660 550 1698 cio
578 1661 614 1698 al
641 1660 783 1698 lettore
810 1661 874 1697 nel
899 1661 1086 1706 semplice
1114 1674 1296 1708 quaeque,
1324 1662 1396 1700 che
1423 1664 1619 1703 vcrrebbe
1645 1677 1668 1703 a
1694 1665 1797 1704 dire:
1822 1666 1836 1704 i

347 1708 562 1753 molteplici
596 1709 677 1745 casi
712 1707 750 1744 di
783 1708 986 1746 infermita
1027 1721 1049 1746 o
1084 1708 1265 1747 disturbo
1300 1710 1502 1758 organico,
1538 1713 1605 1750 nei
1638 1712 1747 1758 quali
1781 1713 1834 1752 ha

347 1756 466 1800 luogo
494 1768 573 1792 una
600 1754 897 1793 modificazione
920 1756 983 1793 del
1008 1761 1135 1801 gusto.
1234 1777 1276 1783 —-
1300 1758 1388 1795 666.
1411 1758 1552 1797 Munro
1574 1771 1765 1799 conserva
1790 1762 1836 1808 fit

346 1815 434 1840 mss.
461 1803 500 1840 al
526 1808 639 1848 posto
666 1803 704 1840 di
730 1807 774 1840 ut
795 1803 950 1847 (bacha
979 1805 1016 1840 al
1044 1804 1250 1851 principio,
1276 1817 1298 1842 e
1323 1805 1531 1844 introduce
1558 1819 1613 1844 un
1632 1812 1677 1845 ut
1697 1808 1835 1846 avanti

346 1863 454 1897 quae.
557 1870 594 1876 —
624 1851 678 1888 ad
702 1863 926 1888 sensum...
958 1852 1245 1893 conveniebant,
1274 1853 1294 1870 “
1313 1865 1434 1890 erano
1475 1854 1743 1893 commisurati
1777 1855 1835 1902 (ai

346 1898 581 1945 foramina),
603 1901 686 1936 cosi
707 1898 757 1935 da
776 1898 970 1944 produrre
993 1912 1045 1936 un
1067 1912 1181 1937 senso
1203 1900 1408 1945 piacevole
1426 1927 1459 1945 „.
1555 1922 1602 1927 —
1617 1902 1702 1940 667.
1729 1916 1834 1942 nunc

346 1959 424 1983 non
459 1948 702 1988 conveniant,
735 1959 757 1983 0
793 1945 948 1990 perche,
982 1959 1090 1984 come
1125 1950 1267 1993 troppo
1293 1948 1447 1993 grandi,
1481 1961 1560 1987 non
1585 1962 1730 1996 passan
1763 1951 1832 1997 piu

344 1993 408 2038 pei
435 1993 639 2039 foramina
661 1993 875 2038 ristrettisi,
901 1993 1102 2040 eperche,
1129 1998 1269 2040 troppo
1290 1996 1444 2041 piccoli,
1468 2009 1739 2052 non-passano
1765 1999 1833 2044 piu

345 2041 683 2078 contractabiliter
707 2042 772 2087 pei
798 2041 1005 2088 foramina
1031 2043 1265 2087 allargatisi.
1362 2062 1409 2069 —
1435 2048 1529 2090 apta
1555 2058 1580 2083 1.
1605 2057 1639 2083 e.
1664 2044 1832 2092 forami-

344 2088 473 2126 nibus.
569 2108 616 2114 —
634 2089 723 2124 668.
739 2093 960 2135 penetrata,
981 2089 1009 2126 il
1031 2090 1102 2127 che
1124 2090 1283 2135 implica
1306 2090 1379 2129 che
1400 2091 1528 2137 prima
1549 2104 1628 2130 non
1649 2097 1833 2138 penetra-

343 2148 458 2173 vano.
512 2155 555 2161 —-
567 2136 652 2173 669.
671 2136 759 2174 Non
779 2136 810 2174 c’
822 2137 842 2174 ὸ
860 2139 1025 2181 ragione
1043 2136 1092 2175 ne
1108 2137 1146 2174 di
1164 2141 1410 2183 trasportare
1424 2139 1484 2176 col
1501 2139 1659 2178 Lachm.
1676 2141 1831 2179 669.670
1870 2167 1872 2170 -

344 2183 444 2227 dopo
467 2185 547 2229 660,
575 2183 624 2220 ne
645 2183 683 2220 di
711 2184 890 2221 stabilire
916 2197 997 2222 una
1022 2184 1166 2222 lacuna
1188 2191 1250 2222 tra
1276 2187 1345 2223 668
1371 2198 1392 2224 e
1419 2187 1500 2224 669.
1526 2187 1562 2224 ll
1587 2187 1703 2226 miele
1729 2187 1750 2226 ὸ
1779 2201 1831 2226 un

343 2243 432 2268 caso
454 2231 692 2275 particolare
720 2232 783 2276 pel
810 2232 1015 2278 genera103
1044 2245 1105 2269 ma
1127 2231 1147 2270 ὸ
1169 2232 1377 2278 l⁷esempio
1403 2234 1532 2280 ovvio,
1552 2235 1641 2272 anzi
1666 2235 1786 2281 tipico
1809 2249 1830 2275 e

342 2279 594 2322 proverbiale
616 2291 684 2323 per
706 2279 732 2316 il
753 2279 881 2317 dolce:
901 2279 1042 2316 Munro
1061 2280 1140 2317 cita
1156 2282 1242 2317 vari
1261 2281 1420 2326 esempi.
1504 2301 1547 2306 —
1567 2281 1654 2318 67⁰.
1673 2294 1830 2330 supera,

342 2324 425 2362 cioe
446 2326 571 2363 1139?
591 2339 674 2371 sgg.
694 2339 714 2363 e
740 2327 803 2363 ΠΙ
833 2327 996 2364 191-195.
1016 2327 1092 2365 Nel
1118 2328 1243 2372 primo
1269 2341 1386 2374 passo
1409 2328 1495 2366 dice
1516 2329 1599 2367 solo
1621 2329 1727 2375 degli
1753 2331 1829 2369 ele-
1869 2357 1872 2359 -

341 2373 463 2409 menti
492 2372 592 2411 dolci
615 2373 676 2410 del
704 2373 838 2419 miele;
867 2387 929 2411 ma
951 2387 1004 2411 un
1030 2380 1228 2413 momento
1255 2376 1382 2420 prima
1407 2376 1460 2414 ha.
1486 2376 1595 2414 detto
1621 2377 1693 2415 che
1719 2377 1828 2416 l’olio

342 2425 551 2458 cunctatur
577 2420 722 2465 perche
749 2422 968 2459 maioribus
994 2426 1050 2459 est
1076 2423 1275 2460 elementis
1301 2428 1371 2461 aut
1390 2425 1518 2470 mayis
1543 2424 1736 2470 hamatis‚·
1760 2426 1826 2463 nel

340 2467 510 2505 secondo
529 2481 643 2513 passo
662 2468 747 2506 dice
775 2470 847 2506 che
876 2469 1004 2506 mellis
1029 2472 1273 2508 constantior
1304 2475 1359 2508 est
1384 2477 1535 2509 natura
1562 2471 1615 2509 Et
1633 2474 1748 2520 piyri
1771 2473 1829 2510 Za-

341 2517 433 2552 tices
466 2518 593 2562 mayis
626 2520 661 2553 et
695 2518 945 2554 cunctantior
978 2522 1099 2555 actus.
1135 2517 1308 2555 Tirando
1341 2519 1381 2555 la
1411 2531 1572 2565 somma,
1605 2518 1627 2557 ὸ
1662 2519 1828 2565 giustifi-

339 2566 428 2600 cato
462 2563 490 2600 il
523 2575 667 2610 supera
701 2565 951 2602 ostendimus.
979 2564 1182 2610 Lucrezio,
1217 2577 1326 2603 come
1359 2566 1387 2603 il
1412 2566 1569 2610 lettore,
1595 2566 1751 2605 ricorda
1783 2568 1825 2604 in
1869 2602 1872 2603 γ

339 2610 487 2648 blocco.
510 2611 542 2647 Ε
559 2623 683 2658 saepe,
705 2623 814 2649 come
833 2612 998 2658 altrove,
1024 2625 1103 2650 non
1131 2612 1152 2650 e
1178 2613 1250 2651 che
1275 2625 1350 2651 un:
1380 2611 1396 2629 “
1417 2613 1486 2659 piu
1513 2613 1639 2652 d'una
1665 2614 1774 2653 volta
1794 2641 1824 2669 „3

338 2657 428 2695 Non
456 2670 577 2702 seguo
604 2662 789 2704 pertanto
813 2659 841 2695 il
867 2659 1044 2705 Brieger,
1072 2660 1144 2698 che
1170 2663 1317 2698 omette
1343 2664 1483 2705 questo
1509 2673 1636 2699 verso.

431 2705 603 2743 671-684.
629 2706 863 2745 Dell'odore.
891 2707 910 2743 1
935 2707 1052 2752 primi
1077 2708 1194 2753 versi,
1212 2709 1380 2755 671-676,
1406 2719 1501 2746 sono
1519 2709 1634 2752 quasi
1650 2721 1730 2747 una
1746 2710 1826 2748 tra*-

337 2750 505 2790 duzione
540 2753 579 2790 di
614 2753 797 2800 Epicuro,
830 2754 974 2791 lettera
1008 2754 1057 2791 ad
1092 2754 1221 2801 Erod.‚
1254 2755 1304 2792 D.
1336 2755 1382 2792 L.
1414 2755 1466 2800 X,
1499 2757 1556 2794 53.
1593 2757 1664 2794 “E
1695 2757 1823 2812 anche

335 2798 494 2846 l’odorc,
513 2812 621 2838 come
640 2801 790 2847 l'udito,
809 2814 886 2839 non
903 2801 1176 2847 produrrebbe
1195 2814 1368 2840 nessuna
1384 2803 1640 2849 impressione
1661 2804 1824 2850 (παθος),

1851 2710 1872 2793 i

1860 2844 1872 2853 r
