1872 3002
347 203 433 250 262
760 199 846 246 DE
877 197 1109 246 RERUM
1138 197 1416 245 NATURA

377 312 491 355 quas
523 294 763 342 hominum
794 293 994 340 reddunt
1025 292 1166 340 facies
1199 291 1440 352 qualisque
1473 290 1666 339 colores!

378 378 527 409 nonne
560 360 687 407 vides
721 359 911 406 audisve
944 358 1094 418 perire
1125 358 1173 405 in
1204 363 1409 416 tempore
1439 371 1584 416 parvo

378 442 515 486 quam
548 425 736 482 soleant,
769 429 814 470 et
847 439 986 483 quam
1018 423 1134 471 vitai
1166 422 1297 482 copia
1329 422 1461 480 desit,

277 504 345 540 815
379 507 491 551 quos
522 507 655 549 opere
684 490 732 536 in
764 489 847 535 tali
879 488 1070 536 cohibet*
1091 488 1162 536 vis
1192 503 1366 546 magna
1395 486 1622 534 necessis?

378 557 460 603 hos
491 556 639 613 igitur
670 554 806 601 tellus
839 554 987 601 omnis
1019 557 1260 601 exaestuat
1292 556 1445 600 aestus

378 621 650 679 expiratque
682 619 806 666 foras
837 619 886 666 in
919 623 1129 678 apertum
1161 621 1462 677 promptaque
1494 615 1620 663 caeli.

410 686 514 743 ⁴Sic
546 691 590 731 et
622 685 814 731 Averna
846 683 947 731 loca
978 683 1168 730 alitibus
1199 682 1488 730 summittere
1519 680 1686 728 debent

379 751 664 798 mortiferam
696 749 806 804 vim,
840 749 894 795 de
926 753 1051 795 terra
1084 765 1200 808 quae
1232 748 1385 807 surgit
1415 747 1465 794 in
1497 761 1648 804 aurae,

277 830 346 866 820
378 822 428 863 ut
460 816 661 875 spatium
696 814 811 862 caeli
842 814 1040 874 quadam
1075 814 1131 860 de
1162 818 1297 873 parte
1329 816 1539 869 venenet,

378 898 467 941 quo
499 880 637 928 simul
669 896 723 927 ac
755 879 954 938 primum
990 879 1152 938 pennis
1184 878 1337 925 delata
1369 878 1429 925 sit
1461 876 1568 934 ales,

376 947 656 1006 impediatur
686 946 754 993 ibi
787 961 919 992 caeco
952 949 1165 1004 correpta
1196 959 1386 997 veneno,

377 1018 429 1060 ut
461 1012 596 1059 cadat
629 1028 652 1059 e
684 1011 870 1070 regione
902 1010 1003 1068 loci,
1037 1026 1129 1070 qua
1160 1009 1330 1068 derigit
1361 1011 1527 1056 aestus.

378 1095 467 1138 quo
500 1094 603 1125 cum
637 1077 830 1134 conruit,
864 1076 940 1123 hic
972 1076 1133 1123 eadem
1166 1075 1238 1122 vis
1269 1075 1394 1122 illius
1426 1077 1580 1121 aestus

278 1156 347 1192 8⁶25
378 1143 599 1202 reliquias
630 1143 755 1189 vitae
789 1141 1007 1188 membris
1039 1157 1098 1187 ex
1128 1140 1340 1187 omnibus
1373 1138 1538 1186 aufert.
1732 1178 1736 1182 .

378 1209 543 1268 quippe
575 1208 743 1255 etenim
776 1207 925 1266 primo
957 1206 1091 1265 quasi
1121 1205 1348 1266 quendam
1382 1203 1558 1252 conciet
1589 1205 1784 1250 aestum:

378 1273 602 1332 posterius
633 1273 685 1320 fit
716 1273 799 1329 uti,
833 1287 937 1320 cum
969 1272 1062 1318 iam
1095 1271 1296 1318 cecidere
1328 1268 1492 1317 veneni

377 1339 425 1384 in
456 1338 596 1385 fontis
624 1338 758 1396 ipsos,
791 1337 857 1384 ibi
889 1336 948 1383 sit
981 1351 1159 1395 quoque
1191 1335 1289 1383 vita
1320 1333 1546 1382 vomenda

379 1408 618 1462 propterea
649 1403 770 1462 quod
803 1418 975 1460 magna
1006 1401 1117 1448 mali
1148 1400 1200 1447 fit
1232 1400 1363 1459 copia
1393 1399 1578 1446 circum.

277 1483 346 1517 >530
436 1468 514 1515 Fit
540 1484 721 1527 quoque
747 1473 798 1514 ut
823 1467 1055 1514 interdum
1083 1466 1152 1513 vis
1179 1465 1291 1512 haec
1316 1470 1453 1524 atque
1479 1466 1631 1511 aestus
1656 1460 1835 1510 Averni

348 1612 392 1649 N
391 1624 539 1650 ecessus
560 1616 615 1649 est
635 1622 795 1649 nomen:
810 1623 903 1648 nam
921 1621 1100 1647 necessus
1113 1609 1174 1654 [et
1190 1607 1364 1655 necesse]
1379 1609 1548 1645 necessis
1565 1611 1601 1645 et
1620 1608 1833 1645 necessitas

348 1664 383 1697 et
400 1672 597 1697 necessum
620 1660 757 1696 lectum
775 1662 843 1701 est,
866 1670 886 1695 e
910 1657 975 1694 dal
995 1661 1117 1694 senat.
1140 1669 1241 1694 cons.
1260 1657 1306 1693 de
1326 1655 1508 1693 bacchan.
1521 1668 1534 1692 .·
1551 1665 1733 1693 necessus
1753 1665 1833 1692 esse

345 1710 412 1750 (z
426 1709 671 1745 necessitatis
689 1711 800 1750 esse),
814 1705 916 1743 colla
933 1705 1066 1742 antica
1085 1705 1213 1742 forma
1230 1704 1269 1741 di
1285 1703 1405 1749 genit.
1424 1714 1604 1740 necessus
1620 1713 1692 1748 per
1708 1713 1834 1739 neces·

346 1757 415 1802 sis,
441 1767 464 1792 a
490 1755 582 1799 quel
611 1753 722 1791 modo
745 1754 816 1791 che
843 1753 882 1790 la
908 1755 1036 1790 stessa
1061 1751 1267 1789 iscrizione
1293 1751 1346 1788 ha
1370 1752 1555 1789 nominus
1581 1749 1733 1787 Latini.
1759 1748 1833 1786 Ohi

346 1802 479 1847 voglia
506 1813 741 1839 conservare
776 1804 975 1845 necessest,
1007 1799 1107 1837 deve
1143 1799 1335 1836 costruire
1370 1810 1487 1845 quam
1521 1801 1710 1837 necessest
1733 1798 1836 1834 vitai

346 1852 457 1896 copia
480 1851 580 1887 desit
600 1861 700 1896 quos
720 1850 778 1886 vis
798 1860 946 1894 mayna
967 1847 1114 1885 cohibet
1138 1849 1183 1884 in
1210 1847 1288 1883 tali
1305 1858 1417 1893 opere
1425 1858 1440 1892 ;
1464 1857 1529 1883 ma
1554 1856 1716 1883 osserva
1742 1855 1834 1882 acu-

346 1901 522 1935 tamente
550 1897 575 1934 il
603 1896 764 1933 Lachm.
790 1896 863 1932 che
890 1895 970 1933 cosi
993 1894 1014 1932 ὸ
1040 1897 1146 1932 rotta
1172 1894 1211 1931 la
1234 1893 1480 1939 dipendenza
1501 1892 1552 1930 da
1577 1903 1706 1931 nonne
1725 1891 1834 1929 vides

347 1945 521 1987 audisve,
544 1958 564 1982 e
587 1944 623 1981 n’
639 1955 838 1981 avremmo
859 1955 940 1980 una
962 1942 1248 1980 esclamazione
1269 1940 1511 1979 incidentale
1532 1940 1596 1977 del
1617 1941 1748 1985 poeta,
1765 1939 1833 1984 qui

346 1992 487 2030 affatto
503 1993 593 2030 fuor
610 1991 648 2028 di
666 1992 805 2035 luog03
825 2003 846 2027 e
863 1990 1008 2028 inoltre
1027 1992 1134 2027 resta
1150 1989 1458 2026 indeterminata
1475 1987 1618 2025 affatto
1635 1987 1675 2024 la
1686 1997 1832 2033 mayna

347 2042 415 2077 vis.
489 2060 531 2066 —
552 2039 632 2076 816.
652 2039 736 2076 lzos.
751 2068 758 2075 .
773 2067 781 2075 .
803 2042 936 2075 aestus
948 2051 963 2085 ;
988 2049 1067 2074 non
1086 2037 1216 2082 questi
1238 2036 1367 2073 ultimi
1385 2035 1470 2073 soli.
1542 2053 1589 2061 —-
1605 2034 1688 2071 817.
1703 2045 1833 2080 prom-

340 2092 414 2134 pta
441 2088 565 2132 caeli,·
591 2099 698 2124 come
726 2086 863 2122 clausa
890 2086 1101 2125 domorum,
1129 2085 1292 2121 caerula
1317 2084 1420 2121 caeli
1443 2087 1516 2120 etc.
1543 2081 1623 2120 cfr.
1650 2082 1744 2119 1265
1763 2093 1834 2128 po-

345 2135 435 2179 puli
450 2162 458 2169 .
478 2165 485 2171 .
506 2164 513 2171 .
534 2135 619 2172 loca
635 2137 825 2180 prompta.
932 2153 963 2156 -—
989 2132 1170 2168 Sis-829.
1190 2132 1280 2170 Una
1298 2131 1451 2168 siffatta
1471 2129 1696 2168 esalazioue
1713 2128 1833 2174 pesti-

345 2182 513 2220 lenziale
532 2181 553 2220 ὸ
572 2182 622 2219 da
639 2184 872 2218 ammettere
896 2180 959 2217 nei
981 2179 1064 2217 loca
1079 2179 1251 2217 Averna.
1270 2179 1302 2216 E}
1323 2178 1391 2223 qui
1410 2178 1436 2215 il
1454 2181 1574 2224 poeta
1595 2177 1626 2214 si
1645 2175 1832 2214 sofferma

346 2230 536 2274 alquanto
564 2243 587 2266 a
606 2228 830 2266 descrivere
848 2227 888 2264 la
906 2230 1031 2265 morte
1054 2227 1092 2263 di
1114 2226 1262 2264 codesti
1281 2225 1434 2270 neceni,
1455 2237 1529 2263 con
1547 2224 1639 2269 quel
1659 2234 1774 2261 senso
1791 2222 1832 2260 di

346 2277 532 2314 tristezza
557 2289 578 2314 e
604 2275 789 2320 simpatia
815 2275 887 2312 che
908 2275 1010 2312 altre
1031 2274 1139 2311 volte
1161 2274 1348 2311 abbiamo
1368 2273 1469 2310 visto
1491 2273 1531 2309 in
1553 2272 1611 2309 lui
1629 2271 1831 2310 vivissimo

346 2336 460 2362 verso
478 2325 532 2369 gli
551 2324 725 2361 animali.
798 2341 844 2347 —
866 2322 948 2359 818.
967 2326 1002 2359 et
1015 2333 1062 2355 Ξ
1075 2323 1217 2367 etiam;
1237 2333 1415 2366 neppure
1435 2332 1460 2358 a
1482 2322 1623 2365 questa
1639 2317 1831 2356 evidenza

345 2371 546 2409 s’arrende
582 2372 608 2408 il
634 2370 794 2408 Lachm.
829 2381 850 2407 e
877 2370 992 2415 legge
1020 2382 1086 2415 ea3
1123 2381 1184 2406 ma
1210 2381 1290 2406 non
1325 2367 1346 2406 ὸ
1379 2368 1535 2413 seguito
1560 2372 1738 2412 neppur'e
1765 2365 1830 2402 dal

344 2420 461 2456 Bern.
513 2439 557 2443 ———
570 2418 652 2456 820.
666 2418 838 2465 quadam
854 2418 900 2454 de
918 2421 1032 2463 parte
1055 2420 1069 2434 ‘⁴
1088 2428 1158 2460 per
1176 2429 1231 2453 un
1249 2420 1357 2454 certo
1378 2418 1500 2453 tratto
1517 2441 1548 2461 „.
1597 2433 1645 2440 --
1657 2413 1740 2449 821.
1756 2425 1829 2459 quo

349 2481 386 2498 =
413 2471 447 2504 et
474 2479 536 2513 eo,·
573 2478 644 2511 per
683 2464 797 2502 modo
832 2464 905 2502 che
946 2465 1187 2510 impediatur
1224 2462 1395 2508 dipende
1433 2474 1580 2500 ancora
1613 2460 1759 2499 dall’ut
1791 2459 1831 2496 di

344 2516 425 2551 820.
522 2534 568 2538 -
594 2514 740 2558 deriyit
760 2525 805 2543 =
827 2524 865 2549 se
899 2513 1045 2557 deriyit
1075 2511 1160 2555 (cfr.
1199 2511 1281 2549 bell.
1309 2510 1424 2557 Hisp.
1448 2511 1495 2547 29
1527 2509 1620 2547 hinc
1645 2509 1830 2554 deriyens

339 2563 526 2608 proxima
544 2561 734 2607 planities
752 2559 1010 2606 aequabatur)
1026 2573 1035 2605 ς
1053 2559 1214 2603 dunque
1235 2559 1356 2603 lungo
1372 2558 1412 2595 la
1430 2560 1556 2595 stessa
1575 2556 1690 2602 linea,
1708 2567 1772 2592 ma
1788 2554 1829 2592 in
1867 2602 1870 2607 .

345 2622 460 2646 senso
477 2609 646 2646 inverso.
742 2627 787 2632 —
802 2607 889 2643 826.
912 2611 1060 2643 aestum
1085 2606 1099 2621 ‘⁴
1114 2606 1354 2643 eccitazione
1376 2618 1414 2651 „3
1435 2604 1506 2643 cfr.
1523 2603 1586 2642 III
1603 2603 1672 2640 173
1688 2604 1831 2640 mentis

346 2659 416 2704 qui
431 2658 614 2702 yiynitur
630 2659 762 2693 aestus
771 2668 787 2701 ‚·
804 2654 874 2691 cfr.
889 2653 927 2691 la
944 2653 1023 2691 fine
1042 2653 1081 2691 di
1094 2655 1163 2691 823
1178 2665 1198 2691 e
1214 2653 1253 2690 di
1267 2653 1354 2690 824:
1370 2652 1438 2697 qui
1451 2661 1601 2697 appare
1619 2650 1829 2688 manifesto

347 2706 371 2742 il
401 2704 602 2749 proposito
624 2702 663 2740 di
687 2701 907 2747 adoperare
933 2702 1063 2739 vicino
1090 2702 1220 2739 vicino
1245 2701 1285 2738 la
1311 2700 1524 2737 medesima
1550 2697 1689 2744 parola
1713 2698 1755 2734 in
1775 2695 1830 2733 di·
1868 2704 1872 2715 ‘-

347 2764 461 2789 verso
481 2763 607 2788 senso.
703 2769 750 2775 —-
771 2748 860 2786 829.
887 2748 956 2786 cfr.
979 2748 1015 2786 V
1037 2750 1115 2803 359·
1127 2751 1223 2795 quia
1243 2748 1358 2785 nulla
1379 2747 1456 2785 loci
1475 2746 1518 2789 fit
1538 2747 1649 2792 copia
1670 2746 1828 2783 circum.
1855 2748 1872 2804 ’Χ

441 2798 625 2837 830-839.
654 2797 718 2839 Ma
755 2795 818 2835 c’e
849 2801 913 2834 un·
925 2795 1032 2834 altra
1059 2796 1332 2847 spiegazione:
1359 2795 1432 2836 che
1466 2792 1727 2836 l’esalazione
1753 2791 1830 2833 nul-

1868 2837 1872 2849 i

1838 2963 1840 2965 ’
1857 2935 1872 3002 i
