1872 3002
312 171 398 218 226
724 163 810 217 DE
848 162 1081 217 RERUM
1111 161 1389 216 NATURA

340 268 475 322 urget
505 263 625 310 enim
660 279 842 322 quoque
874 262 1084 321 signiferi
1115 278 1251 322 super
1282 261 1483 310 aetheris
1515 266 1670 310 aestus

338 333 382 375 et
413 328 545 388 quasi
577 327 807 375 densendo
839 327 1045 375 subtexit
1077 327 1260 375 caerula
1290 326 1475 375 nimbis.

337 394 388 440 fit
420 409 598 452 quoque
628 398 681 440 ut
712 392 803 440 huc
833 393 1026 440 veniant
1057 393 1108 440 in
1139 392 1317 440 caelum
1350 392 1639 441 extrinsecus
1669 391 1755 440 illa

338 474 529 517 corpora
560 474 676 517 quae
708 457 887 505 faciunt
918 458 1054 505 nubis
1085 457 1357 517 nimbosque
1388 457 1615 506 volantis:

235 533 304 569 485
337 524 715 571 innumerabilem
750 524 873 571 enim
904 526 1148 571 numerum
1180 539 1498 583 summamque
1530 522 1747 583 profundi

335 606 430 638 esse
461 590 691 637 infinitam
724 590 872 648 docui,
907 595 1171 651 quantaque
1203 590 1415 638 volarent

334 673 525 716 corpora
556 657 812 705 mobilitate
844 657 1024 705 ostendi
1055 673 1290 717 quamque
1316 656 1502 716 repente

333 722 682 769 inmemorabile
706 738 793 782 per
825 723 1026 782 spatium
1058 723 1257 770 transire
1290 722 1502 770 solerent.

333 787 446 835 haut
477 788 625 846 igitur
657 789 885 847 mirumst,
919 789 958 836 si
990 804 1133 848 parvo
1165 793 1368 847 tempore
1401 803 1536 847 saepe

231 870 301 905 490
333 856 427 899 tam
460 853 644 912 magnis
677 854 848 902 nimbis
879 858 1127 914 tempestas
1158 859 1297 914 atque
1328 854 1543 902 tenebrae

331 919 569 978 coperiunt
602 920 751 967 maria
783 936 837 967 ac
868 925 1015 968 terras
1048 921 1241 979 inpensa
1272 935 1484 979 superne,

331 985 532 1044 undique
564 985 934 1044 quandoquidem
969 1001 1047 1045 per
1081 985 1238 1033 caulas
1269 985 1471 1032 aetheris
1503 984 1653 1032 omnis

332 1056 376 1097 et
409 1051 542 1110 quasi
574 1067 654 1110 per
685 1051 847 1110 magni
879 1051 1053 1098 circum
1084 1051 1316 1111 spiracula
1346 1050 1508 1098 mundi

331 1116 485 1162 exitus
517 1116 824 1176 introitusque
855 1117 1093 1164 elementis
1125 1116 1331 1164 redditus
1363 1120 1507 1164 extat-

229 1203 299 1239 495
389 1181 527 1228 Nunc
559 1197 658 1240 age,
693 1197 781 1241 quo
814 1187 946 1241 pacto
979 1182 1163 1241 pluvius
1196 1186 1459 1230 concrescat
1489 1181 1538 1228 in
1569 1180 1676 1229 altis

299 1379 503 1417 fabbricar
530 1380 626 1418 nubi
643 1409 680 1426 „.
779 1400 824 1405 —
849 1379 918 1416 481
943 1392 1000 1426 sg.
1026 1381 1063 1418 A
1089 1380 1271 1426 spiegare
1311 1391 1421 1419 come
1456 1383 1596 1426 queste
1634 1391 1792 1418 emana-

297 1428 401 1466 zioni
433 1427 541 1465 lassu
573 1428 606 1465 si
633 1427 873 1465 condensino
899 1428 940 1465 in
975 1428 1073 1466 nubi
1105 1429 1307 1473 aggiunge
1334 1428 1406 1466 che
1439 1427 1623 1466 dall'alto
1655 1439 1791 1474 preme

297 1488 343 1512 su
376 1487 461 1513 esse
488 1475 515 1512 il
541 1476 673 1514 calore
708 1473 814 1513 della
841 1476 1004 1521 regione
1031 1475 1194 1514 stellare
1221 1475 1345 1520 (forse
1377 1487 1449 1521 per
1474 1474 1788 1514 l’osservazione

298 1523 369 1560 che
408 1522 448 1559 in
482 1523 612 1568 giorni
651 1522 882 1567 caldissimi‚
909 1535 930 1560 e
956 1524 1107 1569 sereni,
1133 1522 1386 1561 l’atmosfera
1418 1521 1440 1560 ὸ
1471 1533 1606 1569 spesso
1642 1522 1793 1561 anneb-

298 1571 437 1614 biata).
482 1590 526 1594 —
565 1569 646 1608 cfr.
674 1570 709 1608 V
738 1571 896 1608 466-483
926 1583 1010 1616 sgg.
1106 1590 1151 1597 —
1182 1570 1268 1608 483.
1297 1570 1371 1608 huc
1407 1568 1435 1614 el
1463 1570 1644 1616 spiegato
1670 1569 1722 1608 da
1745 1572 1790 1608 in

296 1618 446 1655 caelum
541 1640 589 1645 -—
607 1617 690 1655 488.
712 1618 783 1656 cfr.
804 1618 863 1655 IV
892 1619 958 1655 192
985 1618 1281 1657 inmemorabile
1297 1630 1369 1664 per
1394 1619 1566 1665 spatium
1587 1621 1790 1656 transcur-

295 1677 382 1702 rere
393 1674 518 1711 posse.
617 1686 660 1691 —
677 1663 763 1703 489.
783 1665 853 1702 cfr.
871 1665 931 1702 IV
951 1666 1019 1703 166
1037 1677 1120 1711 sgg.
1198 1685 1238 1691 —
1258 1664 1353 1700 490.
1371 1668 1452 1702 tam
1469 1667 1626 1712 maqm‘s
1642 1664 1789 1703 nimbis

295 1713 355 1750 col
376 1713 538 1750 Lachm.
560 1725 632 1758 per
658 1724 746 1750 mss.
774 1716 854 1750 tam
879 1715 1038 1759 maenis
1062 1715 1218 1752 montis.
1239 1711 1301 1751 Ne
1327 1712 1503 1757 dispiace
1520 1713 1548 1750 il
1567 1712 1686 1750 Bern.
1708 1716 1789 1750 tam

296 1772 460 1806 maynae
485 1760 622 1806 molis,·
648 1763 773 1806 punto
804 1761 1012 1804 probabile
1045 1760 1074 1797 il
1108 1761 1272 1798 Munro:
1297 1760 1487 1798 montibu’
1500 1764 1580 1798 tam
1604 1761 1788 1807 maenis.-

294 1807 328 1844 ci
346 1819 418 1846 son
436 1808 565 1845 talora
585 1808 770 1845 ammassi
789 1807 827 1844 di
846 1808 943 1845 nubi
960 1807 1077 1845 simili
1096 1820 1120 1845 a
1142 1808 1284 1854 monti3
1312 1820 1374 1845 ma
1390 1806 1613 1846 l'ammasso
1631 1806 1672 1845 di
1689 1807 1786 1845 nubi

292 1856 365 1892 che
392 1855 425 1892 si
452 1855 633 1893 distende
660 1858 765 1893 sotto
792 1858 899 1892 tutta
923 1856 962 1892 la
988 1855 1097 1893 volta
1124 1855 1187 1893 del
1213 1855 1313 1894 cielo
1341 1857 1568 1902 (tempestas
1596 1858 1711 1902 atque
1736 1859 1787 1893 te-

293 1902 475 1948 nebrae),
501 1915 581 1941 non
613 1902 692 1948 pub
730 1903 993 1948 paragonarsi
1018 1915 1042 1940 a
1068 1903 1210 1948 monti,
1237 1914 1352 1940 meno
1389 1914 1538 1940 ancora
1575 1902 1787 1940 chiamarsi

292 1951 428 1992 monti,
447 1962 557 1987 come
575 1962 790 1988 osservava
816 1949 882 1995 gia
908 1950 935 1987 il
962 1950 1139 1996 Brieger.
1166 1950 1231 1988 Gli
1253 1949 1404 1988 antichi
1427 1949 1589 1988 editori:
1609 1953 1689 1988 tam
1703 1962 1786 1996 ma-

289 2010 387 2042 ¹qnos
412 2002 572 2044 montes,
596 2009 669 2035 con
696 1998 768 2035 che
794 2000 927 2035 maria
954 2010 999 2035 ac
1026 2002 1157 2035 terras
1189 1997 1342 2036 devono
1377 1999 1649 2035 stranamente
1675 2009 1784 2035 esser

292 2045 387 2082 retti
413 2045 463 2082 da
490 2047 677 2092 impensa.
713 2046 791 2082 Per
827 2047 1004 2092 impensa
1020 2058 1177 2092 :quae
1202 2046 1438 2092 impendent,
1461 2045 1491 2082 il
1514 2044 1676 2083 Lachm.
1702 2045 1782 2082 cita

291 2092 380 2130 Sen.
407 2093 570 2130 Hercul.
599 2093 691 2130 1592
724 2093 841 2130 nulla
867 2094 1092 2131 dominetur
1117 2093 1215 2131 aula
1244 2093 1323 2140 Qui
1353 2097 1471 2139 putat
1507 2092 1634 2131 solum
1665 2091 1782 2130 decus

292 2152 371 2177 esse
393 2142 510 2186 reyni
529 2139 687 2186 Semper
708 2142 925 2187 impensum
948 2143 1118 2178 tenuisse
1138 2140 1304 2187 ferrum.
1402 2159 1446 2165 —-
1463 2139 1546 2185 491.
1567 2141 1782 2186 coperiant,

290 2188 450 2225 Lachm.
483 2190 556 2225 etc.
590 2199 662 2233 per
697 2190 900 2234 coperiant
930 2200 1039 2234 mss,
1073 2187 1243 2226 secondo
1277 2188 1306 2225 il
1338 2190 1517 2226 contante
1552 2198 1623 2225 uso
1656 2186 1783 2225 lucre-

289 2235 416 2272 ziano.
516 2254 559 2259 —
585 2234 770 2272 492-494.
795 2235 934 2279 Questi
962 2236 1068 2273 versi
1100 2235 1241 2273 dicono
1276 2247 1368 2273 cosa
1402 2234 1484 2273 cosi
1516 2234 1717 2272 conforme
1742 2235 1782 2272 al

291 2282 450 2320 sistema
476 2282 662 2327 epicureo
690 2302 731 2308 —
759 2282 830 2320 cfr.
858 2283 875 2319 1
903 2284 995 2320 1038
1021 2295 1106 2328 sgg.
1130 2295 1151 2321 e
1176 2283 1216 2320 la
1242 2287 1338 2320 nota
1363 2294 1387 2320 a
1414 2282 1506 2320 1042
1541 2300 1576 2308 -
1604 2281 1677 2320 che
1701 2293 1781 2320 non

291 2328 353 2366 c⁷e
379 2330 539 2374 proprio
566 2330 730 2374 ragione
755 2341 827 2375 per
865 2330 1026 2368 credere
1065 2330 1137 2368 che
1178 2330 1370 2368 Lucrezio
1405 2341 1581 2375 esponga
1606 2329 1672 2375 qui
1699 2341 1780 2366 una

290 2376 466 2414 ‹lottrina
483 2377 522 2413 di
541 2377 868 2423 Anassimandm,
890 2380 1102 2422 penetrata
1122 2379 1163 2415 in
1189 2377 1359 2422 qualche
1377 2377 1564 2416 manuale
1582 2376 1780 2422 epicureo,

290 2436 400 2462 come
427 2427 603 2469 sospetta
629 2425 658 2461 il
683 2424 808 2470 Diels,
834 2425 1099 2472 Doxoyraphi
1121 2438 1158 2471 p.
1183 2426 1241 2470 25,
1268 2427 1376 2463 nota.
1518 2435 1522 2437 ·

383 2477 563 2514 495-520.
590 2477 709 2515 Come
743 2478 912 2516 avviene
944 2478 984 2515 la
1020 2478 1192 2523 pioggia.
1227 2478 1268 2516 Si
1295 2478 1378 2517 noti
1414 2477 1440 2515 1⁷
1457 2476 1643 2523 analogia
1676 2476 1779 2515 colla

291 2524 544 2570 spiegazione
571 2523 635 2562 dei
667 2525 789 2570 lampi
806 2525 844 2570 (e
864 2525 1048 2571 fulmini).
1075 2525 1195 2564 Come
1213 2525 1254 2563 la
1279 2524 1300 2563 ὸ
1321 2525 1430 2564 detto
1452 2525 1525 2563 che
1545 2525 1582 2563 le
1607 2522 1705 2562 nubi
1724 2523 1772 2562 ed

289 2573 422 2610 hanno
444 2573 484 2609 in
503 2571 544 2610 se
565 2572 674 2610 molti
695 2572 879 2610 elementi
901 2572 1009 2618 ignei
1023 2572 1111 2617 (che
1131 2585 1216 2611 esse
1237 2573 1414 2619 pigliano
1434 2572 1776 2611 coll’alimentarsi

290 2632 336 2657 ex
362 2619 541 2658 omnibus
574 2618 715 2664 rebus),
749 2632 769 2657 e
804 2620 915 2658 molti
940 2620 1006 2665 poi
1032 2632 1081 2657 ne
1109 2621 1326 2659 assor-bono
1361 2620 1643 2658 direttamente
1669 2618 1777 2656 dalla

288 2667 378 2705 luce
404 2667 532 2704 solare
550 2667 635 2711 (204
659 2667 772 2712 sgg.),
795 2679 816 2705 e
842 2667 978 2712 quindi
1005 2669 1206 2706 emettono
1232 2668 1350 2706 fuoco
1374 2667 1415 2705 in
1441 2667 1569 2706 forma
1594 2666 1635 2704 di
1655 2665 1775 2711 lampi

287 2715 328 2751 in
355 2726 632 2759 conseguenza
669 2727 740 2759 per
766 2714 803 2752 lo
842 2715 911 2760 piu
937 2714 975 2752 di
1010 2716 1314 2762 compressione,
1347 2715 1406 2752 sia
1437 2717 1501 2752 tra
1532 2726 1618 2752 esse
1651 2714 1711 2751 sia
1735 2713 1776 2750 di

288 2762 418 2809 venti3
445 2761 525 2800 cosi
543 2762 610 2807 qui
629 2762 767 2807 spiega
787 2762 915 2808 prima
936 2774 1044 2800 come
1066 2763 1103 2801 le
1125 2763 1220 2801 nubi
1240 2775 1262 2801 e
1283 2765 1532 2808 contengano
1554 2760 1775 2807 dell’aequa
