1872 3002
292 161 378 208 252
704 159 790 208 DE
819 160 1051 210 RERUM
1081 158 1359 209 NATURA

321 277 410 320 quo
442 260 494 308 fit
524 261 593 307 uti
626 265 759 319 pacto
790 261 908 308 liber
939 261 1091 308 minus
1123 260 1274 308 exitus
1306 261 1433 308 amni

320 330 366 372 et
399 325 615 384 proclivis
646 325 757 372 item
788 325 870 372 fiat
902 326 1054 373 minus
1085 326 1283 384 impetus
1315 326 1464 374 undis.

319 391 369 438 fit
401 407 579 451 quoque
611 390 679 437 uti
712 390 908 449 pluviae,
942 392 1111 450 forsan,
1145 392 1297 451 magis
1330 392 1388 439 ad
1421 397 1559 452 caput
1590 394 1632 442 ei

220 469 288 506 730
320 463 522 516 tempore
555 473 607 504 eo
640 457 766 515 fiant,
799 458 920 516 quod
953 459 1096 506 etesia
1127 458 1274 505 flabra
1307 458 1572 518 aquilonum
1660 464 1663 466 ’

319 522 480 569 nubila
511 522 744 569 coniciunt
776 521 824 568 in
857 538 934 569 eas
966 527 1078 569 tunc
1109 523 1265 570 omnia
1297 523 1468 583 partis:

319 588 510 640 seilicet,
543 587 600 633 ad
634 586 833 633 mediam
868 587 1099 646 regionem
1136 588 1282 635 eiecta
1315 588 1406 636 diei

321 670 423 700 cum
456 657 782 709 convenerunt,
815 651 882 699 ibi
913 652 971 699 ad
1004 653 1121 700 altos
1155 653 1349 713 denique
1382 654 1552 702 montis

320 723 560 766 contrusae
592 718 736 764 nubes
769 722 999 776 coguntur
1030 718 1166 777 vique
1199 724 1483 777 premuntur.

220 797 287 833 735
319 783 513 830 forsitan
546 782 832 841 Aethiopum
865 783 1049 842 penitus
1082 783 1138 830 de
1173 785 1406 831 montibus
1437 784 1544 832 altis

318 853 506 904 crescat,
541 847 619 894 ubi
651 847 699 893 in
733 863 916 906 campos
949 848 1078 895 albas
1111 848 1382 896 descendere
1414 849 1611 908 ningues

317 913 513 960 tabificis
545 912 722 971 subigit
754 913 897 960 radiis
929 913 997 960 sol
1029 914 1185 960 omnia
1216 914 1433 962 lustrans.

374 978 420 1025 N
424 994 512 1024 unc
534 994 632 1036 age,
653 979 842 1025 Averna
864 978 950 1025 tibi
973 994 1088 1037 quae
1111 979 1203 1026 sint
1225 979 1324 1026 loca
1347 995 1541 1040 cumque
1562 979 1778 1040 lacusque

287 1185 450 1228 pinquis
477 1183 660 1227 harenae,
696 1182 796 1220 dove
824 1184 909 1219 νιιιί
944 1183 995 1219 ha
1022 1182 1181 1228 proprio
1217 1183 1244 1219 il
1272 1194 1387 1220 senso
1414 1185 1598 1227 opposto:
1628 1181 1645 1199 ¹⁴
1663 1182 1778 1222 livel-

287 1230 337 1267 la.
349 1260 364 1276 „
450 1249 492 1256 —-
511 1230 588 1265 727.
603 1242 677 1277 quo
692 1230 721 1277 f.
736 1243 773 1267 u.
789 1243 823 1276 p.
835 1244 848 1275 ;
870 1229 952 1268 cioe
972 1243 1045 1276 quo
1056 1234 1169 1277 pacto
1183 1231 1227 1276 fit
1245 1232 1329 1276 uti;
1343 1231 1413 1267 cfr.
1423 1231 1505 1267 204.
1556 1250 1600 1256 ---
1617 1229 1702 1270 729.
1714 1242 1778 1268 ca·

284 1282 357 1324 put
378 1279 437 1323 ei;
455 1291 491 1316 v.
506 1279 584 1315 736.
660 1298 704 1303 -
724 1278 799 1315 731.
821 1279 866 1324 sit
887 1290 1034 1325 quoque
1053 1291 1131 1315 non
1154 1278 1206 1315 ha
1225 1278 1292 1322 qui
1314 1278 1387 1315 che
1407 1277 1435 1314 il
1458 1289 1572 1316 senso
1591 1277 1632 1316 di
1649 1282 1775 1324 potest

286 1326 378 1372 sieri
393 1330 448 1363 ut.
548 1345 585 1351 ——
608 1325 689 1362 732.
706 1337 814 1371 segg.
834 1326 1044 1363 sottinteso
1070 1325 1091 1363 ὸ
1118 1325 1283 1371 ηιιόίία,·
1309 1324 1448 1371 quindi
1474 1327 1595 1364 eiecta
1615 1345 1662 1351 --
1687 1325 1775 1368 seb-

290 1376 389 1411 bene
415 1373 480 1418 poi
502 1385 579 1411 non
608 1373 704 1410 resti
729 1373 939 1411 sottinteso
966 1373 1007 1410 in
1027 1375 1108 1418 734,
1133 1374 1265 1411 nubes.
1363 1393 1410 1399 —-
1430 1372 1515 1411 735.
1541 1373 1605 1411 Da
1625 1372 1778 1418 ultimo,

287 1421 393 1466 nella
414 1421 542 1458 forma
561 1421 630 1466 piu
651 1423 769 1458 breve
792 1433 812 1458 e
831 1420 899 1466 piu
921 1420 1158 1466 dubitativa,
1178 1420 1392 1465 l'opinione
1407 1420 1447 1458 di
1461 1421 1720 1466 Anassagora
1737 1421 1776 1466 (e

287 1468 490 1514 Euripide,
517 1468 556 1505 di
583 1468 646 1506 cui
674 1468 752 1506 cita
779 1469 791 1505 i
818 1469 923 1506 versi
951 1468 1064 1506 Diod.
1087 1468 1123 1506 S.
1151 1481 1182 1505 c.
1209 1469 1284 1512 38),
1318 1468 1390 1506 che
1425 1467 1598 1506 secondo
1625 1467 1777 1507 Seneca

286 1528 367 1562 era,
394 1528 416 1553 o
451 1529 519 1553 era.
553 1519 671 1561 stata,
708 1516 749 1553 la
786 1516 1120 1553 universalinente
1148 1515 1306 1553 diffusa.
1414 1535 1451 1541 —
1492 1515 1573 1554 736.
1599 1520 1776 1563 crescam

285 1575 394 1609 Sogg.
422 1564 556 1601 Nilus.
655 1583 696 1588 —
712 1565 878 1609 ninqm's
898 1576 968 1609 per
991 1566 1064 1601 nix
1084 1565 1210 1601 anche
1230 1564 1334 1600 altri.
1432 1583 1474 1588 —
1492 1563 1561 1600 787
1573 1577 1582 1611 ;
1601 1563 1673 1602 cfr.
1691 1565 1774 1601 964.

380 1611 551 1647 738-839.
570 1610 688 1649 Come
716 1623 899 1656 avvenga
921 1612 992 1649 che
1016 1612 1055 1648 in
1087 1611 1184 1649 certi
1215 1611 1316 1656 posti
1339 1611 1394 1656 gli
1427 1610 1568 1649 uccelli
1588 1623 1668 1649 non
1689 1623 1776 1657 pos-

286 1670 382 1696 sano
404 1671 543 1704 passar
560 1671 677 1704 sopra
696 1671 720 1696 a
737 1659 839 1705 volo,
866 1671 985 1696 senza
1007 1659 1078 1696 che
1101 1658 1252 1696 cadano
1274 1659 1402 1697 morti.
1420 1678 1459 1684 —-
1483 1658 1548 1697 Un
1570 1658 1690 1704 luogo
1714 1671 1776 1697 co·-

285 1706 435 1744 siffatto
463 1726 508 1732 —-
533 1719 566 1749 ο,
592 1706 633 1743 in
659 1719 819 1751 genere,
846 1719 900 1744 un
926 1707 1044 1751 luogo
1078 1706 1178 1744 dove
1218 1719 1295 1744 non
1322 1706 1564 1744 arrivavano
1590 1718 1613 1744 o
1639 1719 1686 1744 su
1711 1707 1773 1744 cui

285 1766 363 1791 non
395 1754 426 1790 si
457 1754 662 1792 vedevano
693 1767 856 1799 pessare
886 1754 1026 1792 uccelli
1057 1755 1093 1797 (o
1124 1754 1250 1791 anche
1289 1754 1414 1792 certi
1439 1753 1598 1798 uccelli)
1623 1774 1670 1780 -
1705 1766 1773 1792 era

285 1801 394 1839 detto
417 1798 558 1849 (ἴορνος,
578 1814 759 1847 avernus,
779 1801 881 1839 cioe:
903 1814 1022 1839 senza
1044 1801 1185 1839 uccelli
1212 1798 1358 1848 (ἰέορνος
1379 1803 1502 1850 λίμνη,
1520 1801 1561 1838 in
1579 1813 1634 1839 un
1654 1801 1774 1840 fram-

284 1858 416 1893 mento
444 1855 482 1892 di
508 1855 698 1901 Sofocle);
724 1868 795 1900 per
822 1856 1097 1893 antonomasia
1124 1855 1188 1900 poi
1215 1852 1233 1889 ὃ
1255 1851 1414 1904 Ἄορνος,
1441 1855 1552 1893 lacus
1577 1855 1772 1899 Avernus,

284 1915 305 1939 0
334 1903 516 1940 Avernus
540 1903 567 1940 il
595 1908 688 1940 noto
714 1903 804 1948 lago
831 1904 993 1941 Averno
1022 1903 1128 1941 nella
1153 1903 1384 1948 Campania,
1412 1915 1546 1947 presso
1573 1901 1708 1941 Cuma.
1730 1923 1773 1927 —

287 1956 316 1992 Ε
342 1959 447 1993 stato
483 1958 620 1994 notato
646 1955 694 1993 ed
729 1955 749 1993 ὸ
776 1956 961 1994 notevole
1003 1968 1112 1993 come
1154 1956 1341 1993 Lucrezio
1368 1956 1400 1993 si
1426 1955 1603 1993 diffonda
1628 1954 1774 2001 ampia-

284 2008 415 2041 mente
441 2016 487 2040 su
520 2006 660 2048 questo
693 2010 938 2048 argomento,
964 2016 985 2041 e
1012 2004 1077 2048 poi
1116 2016 1162 2040 su
1201 2003 1333 2048 quello
1360 2003 1464 2041 della
1490 2003 1676 2041 calamita
1701 2003 1774 2041 che

284 2051 407 2088 attira
434 2051 460 2088 il
487 2052 594 2089 ferro
620 2052 843 2097 (906-1087),
869 2051 1043 2089 sebbene
1070 2063 1090 2088 e
1118 2051 1230 2088 l'uno
1258 2063 1279 2088 e
1305 2051 1444 2088 l’altro
1481 2051 1591 2088 sieno
1630 2050 1772 2089 affatto

283 2098 443 2144 speciali
460 2111 481 2136 e
500 2099 538 2136 di
557 2111 635 2136 non
650 2099 801 2143 grande
818 2100 1077 2144 importanza.
1094 2099 1191 2136 Dice
1210 2100 1342 2143 giusto
1357 2099 1381 2136 il
1403 2099 1566 2136 Munro:
1587 2097 1609 2136 ὸ
1626 2097 1773 2144 perche

283 2147 316 2183 si
334 2145 448 2183 l’uno
467 2147 540 2183 che
559 2146 688 2184 l’altro
715 2147 770 2192 gli
796 2147 928 2184 hanno
955 2146 1048 2184 dato
1075 2148 1282 2184 occasione
1304 2146 1342 2183 di
1365 2145 1614 2184 richiamarsi
1631 2157 1656 2183 a
1673 2145 1772 2184 certi

283 2194 452 2238 principi
481 2194 768 2231 fondamentali
796 2193 859 2231 del
902 2195 1075 2232 sistema.
1111 2195 1177 2231 Ma
1203 2207 1283 2231 non
1310 2194 1444 2231 basta:
1473 2193 1772 2232 dell’occasione

283 2242 474 2279 Lucrezio
499 2241 662 2286 profitta
688 2243 815 2279 anche
841 2242 910 2287 pia
937 2242 1009 2279 che
1036 2254 1114 2278 non
1142 2242 1245 2279 fosse
1274 2241 1497 2279 necessario
1519 2239 1628 2286 (vedi
1654 2253 1690 2286 p.
1718 2253 1771 2279 es.

282 2292 387 2326 tutto
413 2289 450 2326 lo
482 2290 665 2334 sviiuppo
692 2291 882 2335 936—978);
910 2288 1087 2327 cosicche
1117 2289 1139 2326 Ρ
1152 2289 1358 2327 occasione
1392 2301 1542 2334 appare
1576 2300 1771 2334 espressa-

284 2341 414 2374 mente
441 2342 611 2383 cereata,
637 2349 658 2374 e
684 2336 739 2374 c’e
768 2337 968 2382 l'intento,
995 2337 1185 2374 didattico
1211 2337 1376 2374 insieme
1403 2336 1452 2374 ed
1477 2336 1670 2382 artistieo‚
1696 2336 1768 2374 che

280 2384 360 2421 alla
382 2383 458 2421 fine
481 2384 544 2421 del
567 2397 707 2429 poema
723 2385 755 2422 si
773 2385 956 2429 ripetano
979 2385 989 2421 i
1009 2385 1146 2422 motivi
1173 2384 1461 2422 fondamentali
1480 2383 1543 2422 del
1564 2383 1771 2430 principio,

281 2444 302 2468 e
329 2444 378 2469 ne
404 2432 535 2469 risulti
560 2432 893 2476 un’impressione
921 2432 989 2477 pin
1014 2431 1230 2477 gradevole
1252 2444 1273 2469 e
1294 2432 1364 2477 piii
1391 2431 1549 2470 efficace
1575 2431 1616 2468 di
1641 2430 1767 2469 unita.

281 2480 313 2516 E
335 2478 408 2517 m’e
426 2492 548 2524 segno
574 2480 613 2517 di
640 2479 699 2517 cio
726 2480 851 2517 anche
877 2479 905 2516 il
930 2480 1045 2525 fatto,
1071 2479 1142 2517 che
1164 2479 1202 2516 di
1224 2480 1293 2524 qui
1314 2479 1475 2517 innanzi
1496 2478 1765 2524 ricompaiono

281 2527 519 2572 espressioni
545 2527 617 2564 che
639 2539 734 2564 sono
756 2539 865 2565 come
884 2527 1030 2565 un’eco
1057 2526 1120 2565 dei
1147 2527 1262 2572 primi
1284 2527 1388 2573 libri,
1414 2539 1435 2564 e
1454 2538 1534 2564 non
1559 2526 1644 2564 solo
1665 2525 1766 2564 dove

280 2575 320 2612 la
346 2587 437 2612 cosa
471 2574 492 2612 ὸ
524 2575 673 2612 dovuta
706 2588 729 2612 a
764 2575 932 2612 identita
959 2574 1251 2620 d’argomento,
1282 2587 1345 2611 ma
1377 2574 1504 2612 anche
1539 2572 1769 2612 all'infuori

283 2624 335 2667 (p.
363 2635 416 2659 es„
444 2623 512 2660 756
541 2623 713 2660 Graium
739 2625 909 2660 cecinere
932 2626 1077 2669 poetae,
1105 2622 1174 2660 cfr.
1200 2622 1242 2659 Π
1268 2623 1366 2667 600).

378 2670 455 2707 738.
481 2670 568 2715 Qui,
591 2682 611 2707 e
638 2671 708 2707 740
733 2682 754 2707 e
780 2672 861 2715 818,
887 2682 1035 2708 averna
1057 2682 1127 2715 per
1144 2668 1274 2708 verita
1292 2668 1313 2706 e
1338 2669 1524 2714 semplice
1546 2668 1765 2715 aggettivo,

282 2716 446 2755 anziche
471 2730 586 2755 nome
612 2718 784 2765 proprio,
808 2730 829 2755 e
856 2730 935 2755 non
961 2718 996 2755 ci
1021 2717 1190 2755 sarebbe
1217 2717 1380 2762 ragione
1406 2715 1512 2755 della
1538 2715 1767 2754 maiuscula.

282 2766 347 2802 Ma
368 2765 405 2802 ai
433 2765 621 2812 Romani,
648 2768 799 2804 mentre
825 2768 986 2804 restava
1013 2766 1051 2802 in
1079 2777 1225 2810 genere
1253 2766 1387 2810 ignoto
1413 2764 1441 2802 il
1467 2776 1580 2802 senso
1607 2763 1766 2809 qualifi-
