1872 3002
350 193 436 239 242
502 230 510 235 .
764 189 851 237 DE
882 189 1126 238 RERUM*
1144 190 1422 239 NATURA

280 300 350 336 640
381 286 593 345 expirent
623 286 755 344 ignes
786 285 1019 332 interdum
1053 286 1235 334 turbine
1266 288 1409 346 tanto,

379 351 641 410 expediam:
674 366 820 410 neque
852 350 973 398 enim
1005 351 1226 399 mediocri
1258 352 1386 400 clade
1419 357 1575 403 coorta
1671 407 1674 411 ,

377 416 590 463 flammea
620 420 869 474 tempestas
901 416 1107 464 Siculum
1139 417 1375 466 dominata
1405 435 1486 478 per
1517 433 1654 479 agros

378 480 588 528 finitimis
621 480 680 527 ad
712 497 758 528 se
791 482 1019 529 convertit
1051 483 1269 541 gentibus
1301 499 1394 541 ora,

379 546 556 594 fumida
586 562 691 593 cum
724 546 840 594 caeli
872 546 1125 595 scintillare
1157 548 1312 596 omnia
1343 548 1516 608 templa

351 707 436 743 vere
466 695 702 741 populosque
746 694 938 732 subita
975 707 1078 732 nooe
1111 695 1198 740 (cfr.
1219 695 1329 740 cic.)
1368 700 1523 737 terruit.
1555 699 1645 738 Illo
1672 703 1838 747 tempore

351 745 467 780 aiunt
491 743 674 789 plurima
711 742 838 789 fuisse
876 745 1055 781 tonitrua
1094 756 1139 781 ac
1176 743 1366 791 fulmina,
1401 758 1500 793 quae
1538 758 1731 796 concursu
1757 750 1839 786 ari-

350 791 490 828 dorum
514 802 721 836 corporum
748 789 856 830 facta
882 795 986 832 sunt,
1015 802 1094 828 non
1123 791 1298 838 nubium,
1331 805 1431 839 quas
1461 794 1676 834 verisimile
1713 798 1768 834 est
1793 798 1838 834 in

351 841 460 875 tanto
485 837 639 884 fervore
666 839 774 875 aeris
799 838 935 875 nullas
960 837 1098 884 fuisse.
1121 838 1242 884 Verg.
1268 840 1368 877 Aen.
1393 841 1456 878 III
1477 841 1635 880 571-582
1658 841 1773 888 parla
1799 843 1838 881 di

349 886 526 923 eruzioni
549 885 589 922 in
611 897 768 929 genere.
855 905 899 910 —
917 885 1075 930 Quanto
1097 898 1121 923 a
1141 886 1384 932 spiegazioni
1409 888 1471 926 del
1492 889 1715 936 fenomeno,
1737 890 1838 929 oltre

350 945 374 970 a
395 932 579 970 Giustino
600 932 659 970 IV
683 935 699 969 1
730 934 783 978 (v.
811 935 913 971 sotto
945 933 984 970 al
1005 946 1041 970 v.
1056 935 1140 978 697)
1169 946 1189 971 e
1211 946 1235 971 a
1257 934 1407 973 Seneca
1440 943 1491 980 (v.
1517 936 1556 974 al
1574 948 1611 975 v.
1629 937 1700 975 686
1720 938 1836 985 egga),

351 980 373 1018 ὲ
418 983 643 1025 sopratutto
686 980 736 1018 da
769 980 970 1018 ricordare
1000 980 1028 1017 il
1065 984 1264 1026 poemetto
1297 982 1442 1029 Aetna,
1469 984 1608 1023 scritto
1640 984 1840 1030 probabil-

349 1031 481 1065 mente
508 1027 558 1065 da
584 1027 749 1073 Lucilio,
774 1028 798 1065 1⁷
811 1029 937 1066 amico
977 1041 997 1066 e
1025 1028 1349 1074 corrispondente
1378 1030 1418 1068 di
1437 1030 1590 1070 Seneca
1613 1032 1666 1076 (v.
1686 1031 1838 1073 Seneca

350 1077 458 1121 epist.
476 1076 547 1120 51).
570 1075 605 1112 Il
625 1078 825 1120 poemetto
847 1075 868 1114 ὸ
890 1087 970 1113 una
987 1076 1205 1121 ampollosa
1222 1076 1537 1123 amplifioazione
1557 1078 1664 1119 della
1683 1080 1840 1127 spiega-

349 1123 461 1161 zione
483 1122 521 1160 di
539 1123 750 1169 Lucrezio3
777 1124 817 1160 in
839 1123 1008 1168 qualche
1025 1126 1150 1169 punto
1173 1124 1226 1169 (v.
1249 1125 1369 1170 sotto)
1388 1126 1421 1164 si
1442 1125 1607 1165 direbbe
1625 1126 1698 1169 ohe
1719 1127 1784 1166 c'e
1809 1128 1843 1166 il·

349 1170 552 1216 proposito
574 1170 795 1208 deliberato
817 1169 857 1208 di
877 1171 1107 1216 sviluppare
1129 1172 1298 1216 qualche
1324 1175 1450 1218 punto
1471 1174 1544 1212 che
1570 1174 1760 1214 Luerezio
1785 1175 1838 1214 ha

349 1230 507 1263 appena
533 1221 764 1256 accennato.
798 1218 873 1256 Del
899 1221 1006 1257 resto
1033 1230 1111 1256 non
1137 1219 1177 1256 vi
1203 1219 1235 1256 si
1268 1220 1383 1265 parla
1415 1221 1590 1260 soltanto
1624 1221 1838 1269 dell'Etna‚

349 1277 413 1302 ma
439 1265 460 1303 e
486 1277 595 1303 come
622 1266 727 1303 colta
754 1265 985 1304 l'occasione
1011 1279 1082 1311 per
1108 1270 1264 1304 toceare
1291 1268 1393 1306 altre
1411 1268 1624 1315 questioni,
1649 1281 1672 1308 e
1689 1269 1729 1309 la
1746 1282 1839 1316 geo-

347 1313 455 1358 logia
480 1313 708 1351 lucreziane
733 1312 774 1351 in
800 1325 969 1359 genere3
1007 1326 1028 1351 e
1053 1313 1365 1359 ripetutamente
1399 1315 1612 1363 s’insorge,
1645 1316 1727 1356 alla
1759 1318 1838 1356 Lu-

349 1361 489 1404 crezio,
508 1365 645 1399 contro
662 1361 699 1398 le
718 1361 995 1406 superstiziose
1009 1362 1256 1407 spiegazioni
1274 1362 1434 1403 mitiche
1456 1377 1476 1402 e
1494 1363 1717 1410 teologiche
1733 1363 1838 1404 della

348 1410 505 1446 natura.
532 1408 566 1445 Il
593 1411 805 1455 poemetto,
831 1409 957 1446 anche
984 1414 1134 1454 quanto
1161 1409 1242 1447 alla
1267 1410 1418 1456 lingua,
1443 1409 1465 1449 ὲ
1491 1411 1596 1450 ricco
1615 1410 1656 1450 di
1681 1413 1854 1453 remini-=

349 1467 488 1493 scenze
515 1455 740 1494 lucreziane
766 1456 816 1494 in'
834 1468 994 1502 genere,
1021 1469 1041 1494 e
1068 1456 1108 1494 di
1133 1457 1496 1508 reminiscenzedel
1513 1459 1638 1499 brano
1660 1464 1777 1500 etneo
1797 1460 1838 1499 in

348 1504 506 1548 ispecie.
531 1504 671 1541 Anche
698 1504 870 1549 l’Aetna‚
905 1503 968 1542 del
994 1508 1114 1550 resto,
1147 1506 1180 1543 si
1205 1505 1384 1544 riferisce
1419 1519 1443 1544 a
1468 1519 1549 1544 una
1575 1506 1839 1547 determinata

349 1552 536 1589 eruzione
560 1552 645 1594 (606
667 1552 780 1597 sgg.)‚
806 1564 879 1589 con
906 1551 1076 1597 qualche
1103 1554 1226 1591 tratto
1252 1565 1367 1599 preso
1394 1553 1445 1592 da
1470 1553 1670 1594 Luerezio.

440 1604 525 1640 639.
553 1604 710 1650 fauces;
735 1605 805 1642 cfr.
834 1605 913 1642 702.
1023 1623 1066 1630 —
1094 1604 1182 1640 640.
1207 1605 1340 1643 Aetna
1361 1607 1404 1643 73
1432 1607 1601 1645 Aestuat
1625 1611 1661 1646 et
1682 1608 1836 1654 patulis

349 1653 507 1698 expirat
525 1651 711 1698 faucibus
736 1654 875 1698 issnem.
902 1651 1022 1696 Verg.
1044 1653 1142 1690 Aen.
1169 1653 1232 1690 111
1253 1654 1323 1691 580
1347 1655 1481 1700 ruptis
1505 1654 1704 1701 flammam
1730 1658 1836 1703 empi-

349 1711 442 1737 rare
468 1702 646 1738 caminis.
743 1719 789 1725 ——
805 1698 886 1737 641.
907 1699 1042 1737 Prima
1068 1700 1119 1737 ha
1142 1699 1251 1738 detto
1281 1700 1296 1716 ‘⁴
1314 1699 1399 1739 (1110
1419 1701 1458 1739 le
1483 1713 1603 1741 cause
1624 1701 1726 1741 delle
1747 1714 1835 1741 eru-

349 1746 452 1784 zioni
471 1746 675 1784 dell'Etna
696 1762 733 1793 „3
761 1759 824 1784 ma
843 1759 912 1784 ora
938 1748 1005 1792 qui
1026 1746 1120 1784 fissa
1141 1747 1169 1785 il
1189 1748 1372 1793 pensiero
1393 1760 1510 1794 sopra
1531 1761 1612 1788 una
1636 1750 1835 1796 eruzione,

347 1795 387 1831 la
412 1794 575 1832 famosa.
675 1814 717 1819 —
740 1794 827 1832 642.
849 1795 1079 1842 dominata;
1107 1794 1365 1834 “invadendo
1382 1825 1420 1842 „,
1445 1796 1516 1834 cfr.
1542 1802 1638 1836 nota
1661 1798 1702 1836 al
1726 1809 1763 1836 v.
1777 1799 1834 1836 89.

349 1842 489 1879 Anche
516 1843 648 1880 Aetna
680 1844 749 1880 606
784 1854 868 1887 sgg.
901 1843 1096 1888 quondam
1130 1845 1261 1889 ruptis
1292 1844 1506 1882 excanduit
1539 1845 1672 1883 Aetna
1707 1847 1835 1884 caver*

348 1891 414 1927 nis
427 1919 435 1926 .
451 1919 458 1926 .
475 1919 482 1927 .
502 1889 708 1927 Ardebant
725 1893 837 1935 ayris
854 1894 998 1935 seyetes
1024 1894 1059 1927 et
1080 1891 1183 1928 ditia
1203 1891 1310 1928 culta
1327 1893 1470 1937 iuqera
1487 1895 1562 1930 etc.
1634 1891 1774 1931 -6421
1787 1893 1834 1940 fi-

347 1939 539 1975 nitimis..
555 1967 563 1975 .
579 1937 782 1983 yentibus‚·
802 1937 867 1975 nel
882 1937 1004 1975 citato
1022 1950 1138 1983 passo
1156 1938 1422 1991 ciceronianoz
1440 1939 1635 1986 finitimas
1654 1941 1835 1987 reyt'ones

347 1985 626 2023 obscuravisse.
653 1986 812 2030 Quanto
838 1985 877 2022 al
896 1984 1032 2024 dativo
1051 1986 1234 2031 yentibus
1253 1986 1318 2031 pel
1338 1986 1515 2031 genitivo
1534 1987 1661 2032 (come
1681 2000 1706 2025 a
1731 1987 1832 2027 dire:

346 2032 433 2070 fece
454 2033 608 2070 voltare
627 2031 663 2070 le
681 2033 791 2071 facee
813 2032 893 2070 alla
912 2033 1060 2079 gente),
1075 2034 1145 2070 cfr.
1172 2035 1241 2070 636
1260 2034 1312 2071 ad
1332 2038 1449 2080 caput
1469 2034 1653 2073 amm'bas
1669 2035 1832 2082 confluit

347 2080 400 2123 (v.
427 2082 523 2118 nota
549 2092 573 2117 a
598 2080 635 2117 V
655 2081 760 2124 270);
796 2082 863 2117 729
885 2081 1046 2126 pluviae
1076 2080 1178 2127 liant
1203 2081 1256 2118 ad
1287 2085 1404 2128 caput
1429 2083 1475 2119 ei.
1501 2082 1639 2126 Questi
1664 2084 1727 2121 tre
1752 2083 1834 2120 0αεί

347 2128 379 2164 si
407 2127 661 2173 distinguono
700 2128 750 2165 da
788 2128 881 2165 altri
906 2128 984 2165 ben
1010 2127 1077 2173 piu
1111 2128 1284 2166 naturali
1320 2141 1448 2167 come:
1485 2129 1572 2167 Ter.
1601 2130 1731 2167 Andr.
1756 2129 1830 2168 458
1865 2175 1869 2181 .

346 2175 433 2212 illic
470 2179 526 2212 est
555 2176 647 2212 huic
680 2177 743 2213 rei
776 2180 903 2222 caput,
934 2175 1018 2213 Liv.
1047 2175 1149 2212 VIII
1183 2177 1206 2212 4
1240 2176 1405 2213 Romam
1440 2181 1557 2224 caput
1593 2177 1713 2216 Latio
1740 2189 1834 2224 esse,

345 2222 490 2259 XXIII
514 2223 558 2260 10
585 2222 692 2260 brem·
715 2228 831 2270 caput
857 2223 1006 2261 Italiae
1028 2225 1137 2260 omni
1163 2223 1340 2269 Capuam
1365 2222 1452 2269 fore
1476 2224 1552 2268 (001
1573 2224 1698 2264 verbo
1723 2226 1831 2270 esse),
1864 2229 1872 2271 ξ

346 2269 395 2306 od
416 2270 541 2308 anche
568 2270 684 2308 Lucr.
711 2270 748 2307 V
775 2271 867 2308 1390
892 2271 986 2308 haec
1011 2272 1165 2308 animos
1185 2271 1277 2308 ollis
1295 2271 1539 2319 mulcebant,·
1566 2273 1658 2310 1319
1676 2274 1834 2310 venien-
1860 2275 1872 2316 ξ

346 2316 450 2354 tibus
475 2330 546 2356 ora
569 2318 773 2364 petebant;
799 2331 819 2356 e
842 2318 948 2356 forse
975 2318 1045 2362 piu
1064 2318 1186 2355 vicini
1212 2317 1250 2355 al
1277 2329 1368 2356 caso
1390 2321 1545 2358 nostro:
1572 2319 1631 2357 VI
1654 2320 1745 2358 1168
1767 2320 1840 2358 nilv
1863 2322 1872 2341 '-

345 2365 441 2402 adeo
474 2377 607 2411 posses
642 2368 896 2412 cuiquam
931 2364 1112 2402 membris
1143 2369 1290 2403 vertere
1316 2367 1360 2404 in
1397 2366 1610 2405 utilitatem
1620 2380 1635 2413 ;
1670 2367 1733 2404 III
1760 2368 1831 2405 806

342 2414 433 2457 pati
450 2416 659 2458 penetrare
704 2415 884 2459 uicquam
906 2413 1008 2460 quod
1028 2417 1143 2460 queat
1162 2412 1242 2450 sibi
1266 2413 1482 2451 dissociare
1499 2418 1647 2460 partes.
1671 2414 1735 2452 III
1761 2415 1830 2452 129

345 2461 416 2505 qui
438 2459 552 2498 nobis
576 2463 681 2498 mori
708 2461 833 2498 undos
858 2462 1013 2498 deserat
1037 2465 1174 2506 artus;
1197 2461 1239 2498 II
1266 2461 1357 2498 1003
1382 2461 1450 2499 sed
1474 2465 1619 2500 coetum
1645 2461 1828 2508 dissupat
1859 2484 1863 2485 ν

345 2506 449 2544 ollis.
475 2506 545 2545 Cio
571 2508 643 2545 che
668 2507 791 2545 rende
828 2508 896 2553 piu
923 2508 1122 2552 singolare
1150 2519 1171 2545 e
1205 2507 1337 2546 ardito
1362 2507 1390 2545 il
1415 2510 1551 2547 nostro
1576 2520 1681 2555 caso,
1706 2507 1728 2547 ὸ
1754 2509 1828 2547 che
1856 2514 1859 2516 ’

344 2554 467 2599 quelli
493 2554 566 2592 che
592 2559 820 2593 convertunt
841 2567 912 2593 ora
938 2567 1033 2593 sono
1061 2556 1101 2593 in
1125 2554 1255 2592 realta
1280 2555 1318 2593 le
1339 2555 1534 2602 finitimae
1555 2560 1699 2603 yentes,
1725 2568 1746 2594 e
1768 2556 1830 2595 col
1850 2592 1853 2596 ,

343 2601 478 2640 dativo
497 2607 636 2647 questo
657 2602 742 2641 loro
768 2603 878 2648 agire
905 2602 926 2640 e
952 2615 1061 2640 come
1087 2602 1313 2647 obliterato,
1339 2601 1528 2647 quasiehe
1554 2603 1613 2642 sia
1637 2603 1678 2642 la
1701 2602 1851 2642 stessaf'

342 2649 524 2694 flammea
550 2654 754 2697 tempestas
779 2651 852 2688 che
886 2650 996 2688 volta
1022 2650 1061 2687 la
1097 2650 1226 2688 faccia
1253 2649 1316 2687 dei
1342 2650 1530 2688 Sieiliani.
1564 2651 1646 2689 Del
1666 2653 1774 2689 resto
1799 2651 1855 2688 ili..

342 2697 514 2734 trovarsi
539 2697 607 2742 qui
632 2698 749 2735 vicini
774 2699 938 2743 636643,
964 2710 984 2735 e
1010 2709 1091 2736 non
1111 2698 1275 2735 lontano
1302 2698 1382 2744 729,
1407 2697 1509 2736 colla
1531 2698 1744 2737 medesima
1770 2698 1834 2736 111-Ὶὶ

349 2743 467 2781 solita
493 2745 739 2783 costruzione
771 2746 832 2784 col
857 2745 1005 2791 dativo,
1031 2757 1101 2783 ora
1131 2744 1394 2790 considerata,
1419 2756 1500 2783 non
1531 2744 1554 2784 ὁ
1578 2745 1684 2784 forse
1709 2731 1849 2804 senza&

342 2790 575 2838 significato,
610 2792 779 2831 secondo
817 2793 844 2830 il
877 2793 945 2838 piu
971 2792 1078 2831 volte
1112 2792 1311 2831 avvertito
1342 2792 1526 2838 ripetersi
1550 2792 1761 2832 davvicino
1787 2792 1851 2836 <112
