1872 3002
258 124 346 170 310
672 122 758 170 DE
789 122 1022 170 RERUM
1052 121 1330 170 NATURA

289 220 334 263 et
366 217 580 264 robustus
612 216 720 263 item
754 216 885 263 curvi
917 216 1176 263 moderator
1207 216 1353 263 aratri

289 281 553 341 languebat,
588 282 858 341 penitusque
891 297 998 329 casa
1030 286 1247 328 contrusa
1278 281 1490 329 iacebant

289 363 480 406 corpora
514 352 782 406 paupertate
815 351 860 394 et
893 347 1051 394 morbo
1083 346 1238 393 dedita
1269 347 1445 398 morti..

289 412 517 460 exanimis
551 412 702 471 pueris
735 428 869 471 super
902 412 1168 458 exanimata
1201 417 1444 470 parentum

166 496 258 534 1255
290 493 481 536 corpora
513 493 860 536 nonnumquam
897 493 1048 536 posses
1081 483 1293 536 retroque
1327 477 1481 524 videre

291 543 516 590 matribus
549 547 593 589 et
626 543 834 601 patribus
867 547 999 589 natos
1032 559 1167 601 super
1199 543 1330 589 edere
1362 543 1521 590 vitam.

288 623 372 654 nec
404 607 644 654 minimam
677 612 854 666 partem
888 623 944 654 ex
975 607 1101 666 agris
1134 609 1175 654 is
1208 611 1387 654 maeror
1417 608 1466 655 in
1496 609 1656 656 urbem

290 672 525 730 confluxit,
561 673 786 732 languens
819 689 953 732 quem
987 672 1181 719 contulit
1213 673 1524 731 agricolarum

290 737 422 796 copia
456 738 730 785 conveniens
762 755 820 784 ex
852 738 976 784 omni
1010 738 1220 784 morbida
1254 743 1395 796 parte.

167 811 261 849 1260
293 803 449 850 omnia
481 803 770 862 complebant
803 803 902 850 loca
934 808 1169 863 tectaque;
1204 819 1292 862 quo
1325 803 1476 861 magis
1509 809 1611 852 astu

260 1015 387 1053 anche
414 1015 440 1051 il
475 1013 646 1059 proprio,
673 1025 693 1050 e
720 1024 761 1049 se
789 1024 838 1048 110
865 1010 1051 1048 andavan
1078 1009 1287 1048 senz’altro
1316 1010 1505 1061 [(ιπῄεσαν,
1532 1011 1617 1058 che,
1643 1024 1751 1050 como

261 1062 314 1100 s’e
333 1062 456 1106 detto,
474 1061 494 1099 e
517 1072 696 1106 espresso
718 1060 768 1097 ‹la
789 1060 902 1096 Lucr.
930 1070 1003 1095 eon
1030 1059 1210 1096 lacrimis
1233 1059 1334 1096 lassi
1349 1059 1530 1106 luctuque
1551 1059 1748 1106 redibant,

264 1112 364 1153 1246,
392 1122 454 1147 ma
480 1121 553 1147 eon
580 1108 735 1145 diversa
761 1107 1005 1151 intenzion03
1032 1105 1103 1143 che
1130 1105 1266 1143 Tucid.
1294 1107 1387 1144 vuol
1414 1106 1498 1144 (lire
1531 1119 1601 1153 per
1626 1107 1751 1146 fermo

261 1158 332 1196 che
355 1170 396 1195 se
418 1170 467 1195 ne
493 1155 704 1194 andavano
730 1166 849 1192 senza
874 1153 1026 1191 curarsi
1052 1153 1154 1190 delle
1182 1153 1361 1191 ulteriori
1380 1155 1594 1193 cerimonia
1615 1154 1753 1199 d’usoJ.

263 1225 306 1230 —
333 1206 392 1243 La
425 1204 644 1250 principale
678 1202 905 1239 variazione
942 1200 978 1237 (li
1015 1201 1206 1238 Luerezio
1232 1200 1253 1238 e
1281 1201 1414 1246 quella
1448 1201 1516 1246 gie
1549 1207 1688 1240 notata
1714 1203 1753 1240 al

263 1266 298 1290 v.
315 1254 418 1298 1137,
432 1252 587 1297 eh'egli,
602 1249 893 1288 ‹limentieando
911 1249 1182 1286 volutamente
1197 1261 1219 1286 o
1234 1261 1284 1286 no
1302 1249 1342 1286 la
1356 1262 1450 1286 vera
1468 1249 1633 1294 ragione
1647 1249 1752 1293 della

264 1301 559 1345 immigrazione
578 1300 810 1343 campestre,
829 1296 1028 1342 aggiunge
1049 1309 1102 1333 un
1123 1296 1229 1340 po'di
1245 1296 1488 1335 descrizione
1510 1297 1616 1335 della
1641 1302 1752 1343 peste

262 1349 302 1385 in
329 1360 548 1392 campagna
577 1346 783 1383 1250-1256
811 1364 850 1369 -
879 1343 1201 1389 trasportandovi
1227 1344 1394 1389 qualche
1428 1350 1626 1384 momento
1648 1345 1754 1382 della

262 1399 374 1441 peste
400 1395 439 1432 di
466 1393 657 1432 Tucidide
684 1395 724 1429 in
751 1391 860 1438 citta,
885 1392 958 1429 0110
985 1391 1064 1429 cosi
1098 1391 1221 1429 riesce
1248 1404 1338 1429 men
1365 1391 1618 1437 giustificato.
1643 1392 1752 1431 Cosi:

263 1456 429 1490 corpora
447 1447 632 1482 contrusa
651 1440 758 1479 nella
775 1452 878 1483 casa,
896 1440 986 1476 1252
1005 1451 1074 1485 sg.,
1093 1439 1113 1476 e
1129 1452 1182 1476 un
1202 1443 1324 1484 punto
1343 1452 1457 1485 preso
1476 1438 1525 1478 (la
1540 1440 1751 1485 'l'ueidide;

261 1504 326 1528 ma
344 1491 385 1528 in
406 1489 595 1528 Tucidide
618 1488 638 1526 ὸ
658 1489 861 1529 motivato,
877 1487 918 1524 in
939 1487 1131 1526 Luerezio
1155 1499 1230 1524 non
1254 1499 1295 1524 se
1314 1499 1363 1524 ne
1386 1487 1485 1525 vede
1507 1487 1752 1526 abbastanza

261 1539 290 1576 il
316 1537 473 1584 perche.
496 1538 530 1575 Il
552 1537 705 1582 Munro,
732 1535 834 1573 eolla
862 1535 981 1572 breve
1007 1534 1216 1580 parafrasi,
1242 1547 1443 1580 premessa
1469 1535 1506 1573 al
1533 1540 1752 1573 commento

263 1586 302 1623 di
320 1591 459 1631 questo
486 1584 714 1630 paragrafo,
732 1583 804 1620 che
824 1582 1036 1620 eomincia:
1064 1583 1129 1619 the
1149 1583 1471 1628 country-people
1498 1582 1652 1621 floeked
1669 1583 1752 1621 into

263 1635 330 1671 the
347 1637 465 1679 town,
483 1632 679 1678 parrebbe
701 1630 908 1668 intendere
935 1630 1007 1667 0110
1033 1630 1158 1667 anche
1186 1630 1376 1667 Lucrezio
1395 1630 1460 1675 gia
1479 1629 1534 1667 fin
1552 1630 1618 1668 dai
1639 1630 1753 1673 primi

262 1681 368 1720 versi
398 1681 498 1725 parli
529 1680 592 1717 (lei
619 1678 867 1723 campagnoli
895 1677 1035 1714 affluiti
1060 1677 1100 1714 in
1128 1676 1245 1721 011111ς
1273 1690 1335 1714 ma
1361 1690 1402 1715 se
1429 1683 1569 1723 questo
1587 1677 1609 1716 ὲ
1627 1678 1655 1715 11
1682 1690 1752 1716 suo

262 1729 458 1774 pensiero,
483 1727 504 1765 e
532 1726 809 1765 eontraddetto
835 1725 902 1762 dal
927 1725 1029 1762 fatto
1056 1725 1128 1762 che
1167 1725 1355 1762 Lucrezio
1383 1737 1461 1763 non
1488 1725 1601 1770 paria
1627 1725 1667 1763 di
1691 1737 1753 1763 co-

263 1777 376 1815 desta
397 1776 592 1814 affluenza
617 1775 689 1812 che
711 1774 750 1810 al
777 1786 812 1810 v.
833 1774 944 1818 125'1'3
972 1772 1079 1809 dana
1100 1771 1335 1810 distinzione
1357 1772 1421 1811 del
1437 1777 1575 1819 pastor
1594 1772 1754 1811 dell'ar-

262 1826 484 1862 mentarius
510 1836 530 1861 e
558 1822 619 1860 de}
647 1822 870 1859 moderator
896 1822 1039 1862 aratri,
1072 1820 1159 1857 1250
1180 1832 1235 1864 sg.
1253 1850 1262 1865 ,
1288 1820 1360 1858 che
1387 1821 1493 1858 nella
1520 1821 1752 1859 confusione

262 1872 303 1909 in
329 1871 426 1909 citta
451 1883 529 1908 non
556 1869 732 1908 avrebbe
759 1869 901 1905 alcuna.
927 1867 1114 1913 ragione3
1142 1880 1162 1904 0
1190 1867 1239 1904 da
1266 1867 1500 1912 quest’altra
1525 1868 1752 1906 variazione

262 1920 504 1963 lucreziana,
523 1929 702 1962 espressa
722 1917 761 1953 in
780 1918 891 1961 copia
913 1916 1180 1960 ayricolarum
1206 1918 1436 1953 conveniens
1463 1928 1510 1953 ea·
1531 1918 1639 1954 omni
1653 1927 1754 1953 mor-

265 1968 356 2005 bida
370 1971 494 2012 parte,
515 1967 617 2011 1259,
636 1965 707 2002 0110
727 1962 809 2001 01οὲ
828 1964 866 2000 la
886 1962 1181 2007 immigrazione
1197 1963 1300 2000 fosse
1314 1962 1502 2008 prodotta
1520 1963 1585 2000 dal
1604 1963 1753 2008 morbo,

264 2028 285 2052 e
310 2015 338 2051 il
364 2014 495 2051 danne
533 2013 768 2051 consistesse
800 2010 906 2048 nella
940 2010 1236 2055 immigrazione
1272 2010 1310 2047 di
1343 2014 1462 2055 gente
1496 2011 1652 2048 infetta.
1677 2010 1752 2048 Nol

264 2062 432 2107 seguito,
460 2061 673 2104 moe-1284,
699 2059 889 2096 Lucrezio
915 2070 1037 2102 segue
1066 2058 1184 2095 molto
1211 2057 1452 2096 fedelmente
1479 2058 1682 2096 Tucidide.

362 2109 465 2146 1251.
500 2108 581 2146 Ofr.
615 2108 650 2145 V
684 2108 755 2145 930
790 2107 868 2143 Nec
902 2106 1086 2143 robustus
1118 2109 1203 2142 erat
1245 2108 1358 2143 curvi
1393 2106 1617 2144 moderator
1656 2118 1750 2143 ara-

265 2159 332 2195 tri.
430 2177 474 2181 —
503 2156 607 2192 1257.
634 2157 746 2200 agris
772 2155 808 2191 is
833 2165 989 2190 maeror
1015 2153 1075 2190 col
1100 2152 1242 2190 Munro
1266 2166 1286 2190 0
1312 2153 1402 2198 Brg.
1430 2166 1502 2199 per
1527 2165 1616 2191 mss.
1642 2155 1754 2199 ayt-is

263 2207 484 2250 maeroris;
506 2204 611 2241 “Pis
632 2203 674 2240 fu
700 2201 897 2239 assorbito
925 2200 975 2237 da
1002 2203 1123 2245 ayris,
1147 2213 1167 2237 e
1187 2200 1323 2245 quindi
1349 2213 1506 2239 maeror
1531 2201 1634 2239 fatto
1655 2213 1753 2238 mae·

263 2255 372 2291 roris
398 2264 468 2297 per
494 2251 690 2296 compiere
710 2250 735 2286 il
754 2261 867 2286 verso
889 2275 904 2292 „
934 2248 983 2285 M.
1011 2248 1068 2284 La
1095 2248 1201 2285 bella
1220 2261 1240 2284 0
1258 2248 1444 2292 semplice
1471 2248 1753 2286 emendazione

263 2300 316 2344 mi
334 2313 407 2345 par
426 2298 662 2343 necessaria,
680 2294 821 2343 poiche
843 2295 1060 2332 altrimenti
1081 2295 1110 2331 si
1140 2295 1439 2333 richiederebbe
1461 2298 1629 2334 minima
1645 2308 1754 2343 pars,

263 2348 304 2385 in
326 2348 444 2393 luogo
466 2346 686 2384 dell'aceus.
710 2357 756 2382 av
766 2343 940 2381 verbiale
966 2345 1169 2380 minimam
1194 2347 1355 2389 partem.
1378 2344 1484 2381 Vero
1503 2345 1521 2379 ὁ
1539 2343 1612 2381 che
1633 2343 1753 2381 Lech.

264 2396 438 2440 (seguito
467 2394 517 2431 da
549 2393 680 2437 Ber-n.)
709 2393 823 2437 legge
851 2391 914 2427 nel
942 2403 976 2426 v.
1003 2403 1058 2435 sg.
1080 2390 1271 2437 confluxit
1300 2391 1418 2437 labes,
1435 2403 1543 2438 quem
1569 2403 1639 2436 per
1665 2403 1753 2430 con·

266 2443 396 2489 fluxit,
423 2442 615 2488 lanquens
641 2452 774 2487 queem·
800 2451 863 2475 ma
890 2450 1008 2475 senza
1037 2437 1245 2475 necessita.
1264 2438 1298 2475 11
1320 2439 1478 2476 cumulo
1501 2439 1750 2484 lanquens...

264 2490 444 2528 morbida
462 2488 483 2527 ὸ
502 2488 565 2526 (101
584 2491 688 2525 tutto
709 2486 945 2524 luereziano.
1013 2505 1057 2510 —
1080 2485 1186 2522 1260.
1206 2490 1294 2523 astu
1313 2489 1567 2524 aeutamente
1586 2486 1612 2523 il
1632 2486 1752 2524 Lach.

263 2550 335 2583 per
357 2549 444 2574 mss.
464 2541 619 2583 aestus,·
636 2539 724 2573 asta
743 2533 939 2580 confertos
968 2531 982 2547 ‘⁴
1004 2533 1283 2571 ammuechiati
1304 2535 1341 2570 111
1363 2532 1459 2571 cittii
1476 2563 1491 2579 „
1514 2534 1552 2570 111
1571 2537 1755 2578 contrap-

264 2587 376 2629 posto
402 2597 426 2622 a
451 2585 591 2630 prima,
617 2582 887 2628 quand'erano
926 2580 1111 2618 ciascuna
1150 2580 1329 2625 famiglia
1366 2581 1472 2618 nella
1498 2593 1570 2618 sua
1597 2593 1689 2618 casa
1715 2581 1755 2618 in

266 2645 499 2677 campagna.
537 2631 568 2668 [l
592 2630 751 2668 Lachm.
779 2629 858 2666 cita
883 2628 1099 2671 Prisciano,
1126 2640 1162 2672 p.
1194 2629 1300 2665 1012:
1327 2632 1416 2666 astu
1444 2640 1582 2666 nomen
1612 2633 1668 2666 est
1693 2630 1754 2666 iu-
1809 2670 1811 2672 ¹

268 2679 500 2718 declinabile
518 2679 703 2726 quomodo
725 2689 858 2715 cornu.
879 2675 913 2712 Il
935 2675 1089 2720 Munro,
1113 2676 1184 2712 ehe
1200 2676 1331 2720 ‘prima
1352 2678 1560 2713 accettava
1581 2680 1682 2722 astu,
1703 2675 1754 2713 ha

267 2728 333 2773 poi
367 2727 518 2772 ripreso
546 2730 687 2771 aestus,
718 2722 863 2770 perche
891 2726 979 2760 asta
1017 2723 1085 2768 qui
1122 2723 1177 2768 gli
1215 2735 1311 2768 pare
1338 2724 1358 2742 “
1375 2735 1470 2769 very
1496 2723 1644 2768 abrupt
1661 2749 1680 2768 „
1697 2753 1707 2769 ‚
1733 2736 1754 2762 0
