1872 3002
364 238 610 298 vinctaque
641 238 951 285 membrorum
982 255 1062 298 per
1093 243 1241 287 totum
1273 256 1436 300 corpus
1466 241 1692 300 adhaesu,

263 321 334 358 840
363 319 446 350 nec
476 304 625 350 facere
657 308 708 350 ut
739 308 920 362 possent
953 304 1198 364 quicquam
1230 322 1313 352 nec
1344 306 1502 354 cedere
1533 322 1762 367 quoquam

363 384 445 415 nec
479 369 628 416 vitare
664 368 835 415 malum
866 385 949 416 nec
981 385 1158 417 sumere
1192 371 1314 430 quod
1345 371 1462 419 foret
1493 388 1616 420 usus.

365 439 516 480 cetera
548 434 603 480 de
634 450 802 492 genere
832 433 918 483 hoc
950 439 1156 482 monstra
1187 452 1241 482 ac
1274 441 1485 494 portenta
1517 438 1715 493 creabat,

363 499 656 559 nequiquam,
689 499 908 558 quoniam
939 504 1108 547 natura
1139 501 1390 549 absterruit
1421 506 1621 562 auctum,

363 581 447 612 nec
478 571 664 624 potuere
697 565 900 624 cupitum
935 566 1103 613 aetatis
1134 570 1325 625 tangere
1356 568 1512 615 florem

316 139 422 190 ‘108
747 143 834 190 DE
864 141 1097 190 RERUM
1127 143 1405 192 NATURA
1769 119 1771 121 ’
1818 0 1872 216 Ἰ

1856 209 1872 355 ÷

1861 380 1872 478 ἐ

264 646 334 683 845
353 646 449 687 ,nec
479 630 677 690 reperire
709 630 859 678 cibum
894 647 977 678 nec
1007 631 1141 690 iungi
1174 648 1254 691 pcr
1285 632 1480 680 Veneris
1511 650 1597 682 res.

363 695 510 743 multa
540 696 750 744 videmus
783 696 904 743 enim
937 697 1072 744 rebus
1105 713 1375 745 concurrere
1409 698 1586 758 debere,

365 766 416 807 ut
446 761 744 821 propagando
776 762 950 820 possint
985 762 1231 820 procudere
1264 763 1437 814 saecla:

366 826 533 886 pabula
564 826 765 886 primum
798 831 848 873 ut
880 827 984 886 sint,
1019 827 1244 886 genitalia
1275 828 1436 875 deinde
1469 844 1548 887 per
1579 831 1706 876 artus

432 1052 517 1090 834.
543 1057 738 1099 portenta,
765 1054 837 1091 che
864 1052 978 1098 pero,
1005 1065 1113 1091 come
1141 1053 1280 1090 dicono
1306 1053 1319 1089 i
1346 1053 1450 1091 versi
1475 1053 1676 1099 segmenti,
1702 1066 1828 1093 erano⁴
1865 1062 1872 1092 ἐ

337 1100 548 1139 deforrnita
567 1114 587 1139 e
607 1101 837 1138 confusione
860 1100 898 1137 di
920 1101 1036 1145 parti,
1063 1113 1140 1138 non
1167 1100 1398 1139 confusione
1424 1100 1461 1138 di
1489 1101 1687 1148 specie,1e
1703 1102 1825 1147 quali,

336 1149 401 1187 nel
428 1149 610 1193 pensiero
630 1149 669 1185 di
687 1149 858 1194 Epicuro
877 1161 898 1186 e
918 1148 956 1185 ‹li
975 1149 1178 1193 Lucrezio,
1196 1149 1344 1186 ebbero
1365 1148 1518 1195 origine
1544 1148 1826 1195 indjpendente

336 1197 451 1234 l⁷una
473 1196 683 1239 dall’altra,
707 1209 728 1234 e
747 1197 934 1234 ciascuna
957 1197 1261 1233 cai-atterizzata
1283 1196 1331 1234 ab
1357 1198 1511 1242 oriyine
1531 1195 1691 1235 ne’suoi
1711 1197 1824 1235 tratti

336 1244 636 1281 fondamentali.
739 1264 776 1270 -
803 1244 884 1281 835.
911 1248 1112 1290 conatast;
1137 1243 1203 1288 gia
1236 1244 1303 1288 qui
1330 1242 1351 1281 e
1376 1244 1566 1290 implicito
1590 1243 1620 1281 il
1644 1246 1825 1282 concetto
1869 1280 1872 1281 γ

337 1291 375 1328 di
390 1292 515 1329 forme
530 1291 762 1333 successive,
779 1291 964 1329 ciascuna
983 1290 1223 1335 dipendente
1242 1290 1349 1329 dalla
1367 1291 1618 1336 precedente,
1631 1291 1670 1329 di
1681 1292 1744 1330 cui
1758 1304 1827 1329 era

336 1352 390 1376 un
408 1339 869 1388 migliora1nento.Vienc
888 1339 927 1376 la
941 1339 1167 1377 tentazione
1182 1338 1220 1375 di
1236 1339 1336 1377 citar
1350 1339 1417 1384 qui
1430 1339 1538 1384 Epic.
1553 1339 1608 1376 ad
1619 1338 1766 1378 Herod.
1782 1341 1826 1377 75

335 1387 424 1427 (ἷλλὰ
445 1386 520 1438 μὴν
545 1388 775 1439 ὖποληπῑέον
800 1394 861 1427 καὶ
887 1388 953 1438 τὴν
980 1390 1088 1436 φύσιν
1114 1388 1232 1426 netas}
1256 1394 1317 1427 καὶ
1344 1398 1501 1428 παντοῖα
1523 1387 1592 1428 ὔπό
1614 1391 1685 1428 τῶν
1706 1387 1824 1428 αὖτῶν
1870 1416 1872 1418 -

334 1442 563 1495 πραγμάτων
578 1446 804 1493 διδαχθῆναι
824 1460 861 1482 τε
875 1448 936 1481 καὶ
950 1443 1245 1493 ἄιάγκασθῆναι·
1257 1447 1380 1484 (come
1395 1446 1436 1484 fa
1450 1446 1479 1484 ii
1489 1446 1720 1495 Wolf-jer‚p.
1733 1449 1830 1495 l·‘ss);v

335 1514 398 1538 ma
423 1500 451 1537 il
474 1501 641 1547 seguito‚
667 1513 687 1538 e
716 1501 742 1537 il
769 1502 988 1538 commento
1011 1499 1074 1537 del
1094 1500 1259 1545 Brieger
1285 1500 1454 1547 (Epik.⁷s
1479 1499 1605 1548 Brief
1617 1513 1655 1546 p.
1674 1501 1746 1545 16),
1771 1499 1831 1556 dij

335 1553 536 1586 mostrano
558 1549 629 1586 che
655 1548 709 1584 ivi
735 1548 767 1585 si
794 1550 919 1585 tratta
947 1560 1024 1585 non
1051 1546 1154 1584 della
1180 1560 1315 1585 rerum
1339 1552 1501 1590 natura,
1531 1560 1596 1586 ma
1624 1548 1689 1586 dei
1705 1548 1822 1594 prim1
1862 1574 1872 1591 ς,

334 1596 440 1640 passi
467 1595 572 1633 della
598 1608 744 1633 umana
770 1596 946 1640 ragione.
1043 1615 1088 1619 —
1115 1595 1204 1632 836.
1232 1594 1408 1634 Secondo
1431 1595 1470 1633 la
1490 1595 1718 1634 felicissima
1743 1608 1828 1634 cor-

335 1644 495 1681 rezione
523 1643 586 1681 del
611 1644 843 1680 Lachmann
865 1644 992 1688 (salvo
1019 1642 1046 1679 il
1074 1655 1145 1680 suo
1171 1643 1287 1681 solito
1314 1643 1614 1690 interutraque),
1640 1656 1712 1688 per
1735 1656 1825 1681 mss,

336 1692 607 1737 androyynem
628 1693 734 1728 iuter
751 1695 866 1728 utras
884 1703 953 1728 uec
969 1694 1176 1736 utramque
1198 1694 1395 1729 remotum.
1485 1711 1530 1715 —
1548 1691 1837 1746 androgynum*

336 1751 356 1776 e
383 1751 461 1775 non
493 1740 759 1785 androgyestzem
788 1738 803 1753 “
825 1738 930 1783 quod
970 1738 1182 1775 barbarum
1221 1741 1293 1783 est,
1320 1738 1413 1783 quia
1450 1738 1579 1784 prima
1611 1737 1825 1776 decimatio
1868 1778 1872 1787 y,

335 1786 606 1824 accusativum
626 1786 770 1823 tertiae
788 1786 941 1830 respuit
962 1813 992 1830 „.
1012 1785 1089 1822 Ofr.
1105 1786 1227 1823 Lucil.
1247 1785 1414 1823 imberbi
1429 1787 1656 1833 androgyyni
1671 1786 1830 1824 barbati
1840 1798 1842 1804 ’
1865 1804 1872 1826 ς

334 1834 646 1871 moechicinaedi.
663 1834 720 1871 La
735 1833 956 1879 parola''era
971 1833 1147 1874 dell’uso,
1166 1846 1274 1871 coine
1292 1845 1441 1878 appare
1456 1833 1506 1871 da
1523 1833 1637 1872 Livio
1650 1833 1825 1879 XXVII,

337 1882 390 1918 11.
409 1882 442 1918 Il
463 1882 594 1927 quale,
619 1894 728 1919 come
755 1894 916 1919 osserva
934 1881 1086 1923 Munm,
1115 1881 1265 1918 altrove
1290 1881 1501 1927 (XXXIX,
1517 1881 1579 1921 22)
1598 1893 1670 1919 usa
1687 1881 1826 1927 invece

336 1929 362 1965 il
382 1933 583 1974 composto
604 1928 729 1967 latino
756 1931 1025 1975 semimarem;
1043 1941 1064 1966 e
1082 1928 1197 1966 ovid.
1215 1933 1299 1966 met.
1317 1928 1377 1966 IV
1396 1929 1462 1966 381
1482 1930 1666 1976 semivir;
1684 1929 1750 1974 poi
1771 1928 1826 1966 di-

334 1976 454 2014 vento
469 1977 608 2014 usuale
624 1977 978 2023 hermaphroditus.
1067 1995 1096 2000 -
1116 1978 1411 2020 interutrasque
1425 1988 1461 2014 v,
1475 1975 1528 2020 Π,
1542 1977 1624 2014 518.
1697 1995 1740 2001 ——
1756 1988 1824 2014 uec

335 2028 469 2061 utrum
483 2037 527 2055 z
541 2029 745 2067 ueutrunu
765 2024 836 2062 cfr.
855 2024 913 2061 IV
930 2025 1032 2060 1209.
1051 2023 1122 2061 Ov.
1141 2028 1226 2061 met.
1240 2023 1299 2060 IV
1314 2025 1383 2061 378
1401 2035 1469 2061 uec
1485 2022 1638 2069 femina
1651 2024 1735 2062 dici
1746 2023 1826 2061 Nec

329 2084 432 2117 puer
449 2076 492 2109 ut
506 2074 632 2118 possit
641 2086 656 2118 ‚·
674 2076 931 2118 neutrumque
953 2075 987 2108 et
1012 2075 1221 2117 utrumque
1235 2072 1428 2108 videntur.
1447 2071 1542 2108 Hor.
1561 2073 1672 2118 epist.
1692 2071 1724 2117 I,
1746 2070 1825 2117 18,9

335 2121 531 2166 utrimque
556 2120 769 2165 reductum,
798 2119 870 2157 che
892 2118 912 2156 ὸ
937 2131 988 2156 un
1016 2118 1169 2156 ricordo
1196 2118 1236 2155 di
1262 2118 1341 2163 qui,
1364 2131 1384 2156 e
1406 2118 1608 2156 conferma
1633 2117 1826 2157 la'corre-

336 2167 446 2204 zione
474 2169 680 2214 utrimque.
781 2187 822 2192 —
850 2167 932 2203 837.
958 2179 1147 2203 manuum
1174 2166 1337 2203 viduata
1346 2180 1362 2213 ‚·
1386 2168 1482 2203 nota
1518 2165 1547 2203 il
1585 2166 1726 2204 Munto
1752 2166 1838 2204 che*

333 2220 400 2264 qui
421 2218 441 2256 e
459 2220 680 2264 riprodotto
697 2216 871 2258 1ἐῦνιδες
892 2216 999 2265 ὤμων
1021 2218 1060 2255 di
1079 2218 1330 2265 Empedocle,
1349 2218 1411 2256 nei
1430 2219 1535 2256 versi
1557 2218 1670 2256 citati
1689 2225 1824 2264 sopra:

335 2279 356 2303 e
378 2266 428 2304 da
450 2267 509 2304 cio
537 2268 663 2305 anche
690 2268 827 2312 spiega
854 2268 892 2304 la
918 2267 1165 2304 costruzione
1187 2266 1246 2304 col
1265 2266 1454 2311 genitivo,
1477 2267 1517 2303 in
1542 2265 1742 2313 analogia,
1759 2266 1822 2304 del

335 2317 453 2360 resto,
469 2327 540 2352 con
556 2328 694 2361 expers
709 2318 781 2352 etc.
844 2335 890 2339 —
905 2313 989 2350 838.
1005 2313 1130 2351 voltus
1143 2313 1323 2358 significa
1338 2313 1405 2359 qui
1419 2313 1474 2359 gli
1493 2314 1615 2360 ocehi,
1632 2314 1702 2351 cfr.
1716 2318 1824 2352 muta

335 2363 420 2399 siue
447 2375 521 2399 ore.
631 2383 677 2387 —
703 2362 790 2398 839.
817 2365 965 2406 vincta,
990 2373 1099 2398 come
1126 2361 1240 2407 orba,
1266 2362 1453 2408 viduata,
1476 2365 1606 2404 muta,
1632 2373 1746 2399 caeca
1770 2373 1822 2399 va

336 2421 408 2447 con
423 2414 619 2455 portenta,
638 2410 740 2447 ossia
762 2422 834 2447 con
857 2422 911 2446 un
937 2412 1120 2453 soggetto
1147 2408 1454 2447 indeterminato
1479 2409 1494 2424 “
1517 2408 1638 2447 esseri
1658 2438 1674 2455 ‚,
1698 2409 1824 2454 impli-

335 2458 413 2494 cito
441 2457 480 2493 in
505 2462 707 2503 portenta:
736 2470 756 2494 e
782 2461 877 2494 nota
904 2456 976 2493 che
1015 2456 1042 2492 il
1081 2456 1236 2501 legame
1274 2457 1452 2502 sussiste,
1477 2456 1652 2494 sebbene
1691 2456 1727 2494 ci
1764 2456 1824 2494 sia

334 2503 372 2540 di
398 2517 528 2542 mezzo
549 2506 630 2542 836.
726 2524 772 2530 —
794 2504 874 2539 840
897 2517 979 2549 sgg.
1005 2503 1177 2548 valgono
1199 2516 1277 2541 non
1298 2504 1381 2542 solo
1402 2515 1473 2549 per
1493 2503 1670 2542 Pultima
1691 2503 1824 2542 condi-

336 2551 459 2594 zione,
473 2551 734 2590 membrorum
758 2552 965 2596 adhaesus,
980 2563 1043 2588 ma
1066 2552 1193 2588 anche
1213 2564 1283 2596 pcr
1305 2551 1341 2589 le
1356 2550 1595 2596 precedenti,
1609 2550 1720 2589 salvo
1741 2552 1823 2593 836,

335 2599 407 2637 che
433 2599 538 2637 forse
565 2600 618 2645 (v.
645 2603 739 2637 nota
767 2600 886 2644 prec.)
912 2599 932 2636 e
959 2601 1063 2635 stato
1100 2599 1292 2644 aggiunto
1327 2597 1440 2642 dopo.
1539 2618 1581 2624 —
1609 2597 1695 2636 841.
1722 2599 1824 2645 quod
1863 2631 1864 2634 ,

335 2646 440 2693 foret
458 2659 565 2688 usus,
583 2660 657 2685 con
675 2647 782 2692 tutti,
800 2659 872 2693 per
891 2647 992 2694 quod
1008 2646 1106 2684 volet
1123 2658 1220 2683 usus
1230 2660 1245 2693 ‚·
1262 2646 1332 2684 cfr.
1351 2645 1420 2690 IV,
1440 2647 1520 2684 828.
1607 2665 1649 2671 —
1663 2645 1745 2682 843.
1759 2645 1823 2684 ab·

335 2697 512 2736 sterruit,
531 2695 600 2732 cfr.
620 2695 689 2737 IV,
710 2696 918 2732 10551225.
995 2713 1038 2719 —-
1056 2692 1145 2730 846.
1167 2693 1315 2731 l’unico
1337 2694 1509 2739 esempio
1531 2693 1570 2731 di
1589 2705 1704 2732 verso
1721 2693 1822 2738 iper·
1857 2692 1867 2740 ’χ

337 2741 500 2779 metrico
517 2742 555 2779 in
571 2743 773 2780 Lucrezio.
847 2763 891 2767 —
911 2741 1225 2788 847.p›·ocudere
1242 2741 1312 2779 cfr.
1327 2740 1379 2784 ΙΙ,
1401 2742 1502 2780 1115.
1597 2760 1638 2767 -
1660 2739 1824 2788 848.pa-
1865 2741 1872 2771 Ἴ
