1872 3002
259 318 327 355 130

222 648 227 651 '
261 642 328 679 135

262 969 329 1006 140

1668 0 1803 69 ᾘῐ
1859 0 1872 24 Ἰ.-

1671 43 1674 46 .
1691 50 1714 62 -”
1739 60 1746 65 a
1758 41 1778 59 l..
1868 33 1872 35 >

1691 89 1694 91 ,
1719 73 1757 92 „a”
1775 79 1777 81 .

331 143 386 189 18
743 141 830 188 DE
867 139 1100 188 RERUM
1130 139 1408 188 NATURA

359 236 504 282 nubes
533 251 630 282 esse
663 239 848 294 queunt,
882 250 1028 294 neque
1060 234 1206 293 pisces
1237 233 1392 282 vivere
1423 234 1472 281 in
1502 234 1641 293 arvis,

357 317 440 348 nec
472 316 605 348 cruor
637 300 686 346 in
718 299 860 357 lignis
893 315 1038 359 neque
1070 299 1197 346 saxis
1230 315 1365 347 sucus
1396 299 1558 348 inesse.

358 371 531 414 certum
565 381 618 412 ac
650 364 967 423 dispositumst
999 364 1080 411 ubi
1111 364 1331 424 quicquid
1363 370 1538 413 crescat
1569 370 1613 413 et
1644 364 1769 415 insit.

358 432 424 479 sic
456 431 599 477 animi
631 434 799 476 natura
830 430 991 489 nequit
1023 430 1134 477 sine'
1156 445 1344 489 corpore
1377 430 1490 478 oriri

358 497 453 544 sola
484 512 630 555 neque
662 512 690 542 a
720 495 874 542 nervis
906 500 951 542 et
982 495 1209 554 sanguine
1240 494 1441 554 longiter
1471 511 1582 544 esse.

359 562 469 621 quid
501 561 540 609 si
572 563 721 620 posset
753 560 907 607 enim?
940 560 1085 607 multo
1119 560 1244 619 prius
1277 560 1378 619 ipsa
1410 561 1554 608 animi
1588 561 1657 610 vis

359 628 407 674 in
441 627 588 686 capite
621 630 701 673 aut
733 626 905 673 umeris
938 631 1018 673 aut
1052 626 1158 673 imis
1191 625 1395 673 calcibus
1425 642 1523 674 esse

360 696 522 752 posset,
556 696 599 739 et
631 691 811 738 innasci
843 691 1008 751 quavis
1040 691 1089 738 in
1122 696 1251 750 parte
1283 690 1450 739 soleret

359 758 545 805 tandem
579 757 626 803 in
659 756 813 803 eodem
849 756 1032 804 homine
1065 760 1202 816 atque
1228 756 1277 803 in
1303 756 1461 804 eodem
1485 773 1593 808 vase
1617 773 1816 811 manere.

360 823 482 882 quod
514 822 732 882 quoniam
764 826 920 869 nostro
953 838 1132 882 quoque
1165 826 1345 869 constat
1377 838 1566 882 corpore
1597 828 1790 877 certum,

361 889 722 948 dispositumque
753 888 938 935 videtur
970 888 1050 934 ubi
1081 903 1178 935 esse
1211 892 1256 934 et
1289 903 1492 941 cresce-re
1523 885 1668 948 possit

361 971 560 1002 seorsum
594 954 749 1001 anima
781 958 918 1013 atque
950 954 1308 1010 animusftanto
1340 954 1491 1012 magis
1522 954 1817 1005 infitiandum

358 1025 506 1067 totum
540 1035 668 1078 posse
700 1023 832 1066 extra
864 1034 1026 1078 corpus
1060 1018 1347 1076 formamque
1379 1019 1630 1067 animalem

360 1085 571 1144 putribus
603 1084 650 1130 in
683 1084 830 1143 glebis
862 1089 1094 1131 terrarum
1127 1089 1207 1130 aut
1239 1083 1348 1131 solis
1379 1084 1426 1131 in
1457 1084 1562 1143 igni

362 1155 442 1197 aut
474 1150 521 1196 in
554 1164 675 1206 aqua
706 1149 872 1197 durare
905 1155 985 1196 aut
1017 1149 1124 1196 altis
1155 1147 1354 1196 aetheris
1385 1150 1490 1198 oris.

332 1362 395 1399 III
421 1361 535 1407 libro,
563 1360 721 1398 indusse
749 1359 953 1406 LucreziO,
978 1372 1084 1398 more
1110 1361 1236 1406 solito,
1264 1371 1288 1398 a
1314 1362 1538 1406 trasportar
1562 1359 1631 1407 qui
1656 1359 1822 1399 l'intero

333 1411 459 1448 brano
490 1409 562 1447 che
588 1408 643 1454 gli
669 1407 855 1445 arrideva
880 1420 950 1452 per
977 1410 1085 1445 certo
1112 1408 1267 1454 poetico
1294 1408 1455 1446 slancio.
1481 1409 1600 1447 Fatte
1625 1408 1704 1458 due
1728 1409 1823 1447 lievi

333 1457 561 1502 mutazioni,
587 1457 626 1494 al
652 1456 846 1501 principio
870 1468 890 1493 e
917 1455 997 1493 alla
1023 1455 1114 1501 fine,
1141 1456 1203 1500 pei
1232 1457 1431 1494 necessari
1453 1455 1648 1503 attacchi;
1672 1458 1826 1495 mutato

334 1518 404 1551 per
426 1507 704 1543 momentanea
725 1502 889 1541 velleita
911 1505 954 1540 in
977 1503 1057 1541 alto
1078 1503 1119 1540 in
1143 1504 1264 1550 salso,
1283 1516 1362 1542 non
1383 1503 1488 1542 'bado
1514 1504 1587 1543 che
1607 1515 1688 1542 una
1709 1506 1824 1567 ⁴parte

335 1554 398 1590 del
425 1553 552 1590 branc
579 1552 646 1597 qui
673 1564 752 1589 non
778 1552 830 1589 ha
856 1551 968 1588 nulla
995 1551 1066 1588 che
1091 1551 1190 1588 fare.
1218 1552 1332 1589 Passi
1354 1563 1501 1590 ancora
1520 1563 1591 1597 per
1613 1552 1681 1590 137
1747 1564 1769 1589 e
1790 1551 1824 1590 si

335 1602 406 1639 che
434 1601 474 1637 in
496 1600 553 1637 tal
574 1612 664 1637 caso
686 1599 856 1637 sax-ebbe
884 1611 958 1643 pur
980 1611 1134 1643 sempre
1161 1598 1302 1638 dentro
1325 1612 1380 1637 un
1406 1611 1526 1645 corpo
1551 1598 1764 1638 d’animale
1787 1629 1825 1646 „‚

335 1649 407 1686 che
431 1648 498 1693 qui
520 1646 540 1684 ὲ
563 1647 777 1693 superfluo,
798 1659 861 1684 ma
883 1658 962 1684 non
979 1647 1222 1692 ripugnante
1240 1647 1279 1684 al
1300 1646 1825 1692 ragionamento.v(Bastava

335 1696 439 1734 dire:
474 1696 599 1733 anche
634 1694 775 1732 dentro
811 1706 866 1731 un
892 1694 1064 1731 animale
1100 1693 1288 1732 l'animus
1317 1707 1395 1733 non
1431 1693 1510 1741 pub
1544 1699 1652 1733 stare
1677 1693 1719 1733 in
1743 1707 1825 1734 una

335 1746 449 1789 parte
482 1743 712 1788 qualunque
748 1742 812 1779 del
848 1754 986 1786 corpo:
1014 1743 1127 1779 tanto
1154 1755 1269 1780 meno
1302 1741 1418 1787 notra
1443 1747 1551 1780 stare
1589 1743 1694 1781 fuori
1720 1742 1826 1783 d’un

335 1791 519 1836 animale,
542 1791 581 1827 in
603 1803 658 1827 un
680 1802 798 1835 corpo
821 1789 859 1826 di
886 1789 1083 1827 tutt'altro
1105 1791 1278 1835 genere.)
1299 1790 1366 1828 Ma
1392 1789 1414 1828 ὲ
1435 1790 1526 1829 fuor
1551 1789 1591 1829 di
1606 1793 1724 1836 posto
1745 1791 1825 1838 qui,

334 1840 374 1876 in
403 1840 470 1876 132
492 1851 562 1884 sg.,
588 1838 672 1875 sola
694 1840 779 1875 sine
801 1849 960 1884 corpore
979 1839 1097 1883 oriri,
1122 1840 1275 1876 mentre
1297 1840 1359 1875 sta
1382 1837 1483 1876 bene
1509 1850 1630 1886 neque
1652 1850 1678 1875 a
1693 1839 1827 1876 ner-vis

337 1892 370 1924 et
395 1889 589 1932 sanquine
626 1886 793 1932 Zonyiter
830 1897 919 1923 esse.
947 1884 984 1922 A
1011 1897 1124 1923 meno
1151 1885 1190 1922 di
1226 1885 1410 1923 intender
1436 1898 1594 1933 corpore
1620 1886 1685 1930 nel
1710 1897 1826 1924 senso

336 1935 374 1972 di
402 1946 559 1980 corpore
586 1934 782 1980 humanm
806 1933 833 1970 il
861 1933 934 1970 che
970 1932 991 1970 ὸ
1018 1932 1260 1978 giustificato
1296 1933 1360 1971 dal
1387 1935 1521 1980 seguir
1545 1933 1678 1981 subito
1704 1945 1826 1981 neque

337 1996 361 2019 a
386 1984 518 2020 nervis
545 1983 618 2019 etc.
652 1982 730 2018 Per
757 1983 882 2018 fermo
918 1980 1110 2018 Lucrezio
1138 1981 1205 2026 qui
1239 1981 1291 2018 ha
1326 1985 1494 2026 pensato
1531 1981 1598 2019 132
1622 1993 1681 2026 ες.
1715 1993 1825 2020 001110

335 2043 415 2067 una
448 2042 539 2067 cosa
574 2028 658 2066 sola
687 2027 702 2043 “
722 2027 883 2065 l'anima
919 2040 995 2066 non
1038 2027 1115 2073 pub
1142 2030 1250 2066 oriri
1283 2041 1403 2066 senza
1432 2041 1487 2067 un
1513 2040 1632 2074 corpo
1657 2028 1761 2067 fatto
1787 2028 1826 2067 di

336 2078 460 2120 nervi,
487 2089 638 2120 sangue
665 2088 757 2123 ecc,
778 2103 794 2120 „
821 2076 854 2112 Ε
881 2076 962 2113 cosi
989 2076 1128 2122 inteso,
1154 2088 1234 2114 non
1261 2076 1282 2114 e
1307 2077 1378 2122 piu
1403 2079 1591 2114 estranea
1614 2075 1656 2114 la
1679 2075 1827 2123 ipotesi

339 2127 407 2162 134
428 2126 524 2171 quid
541 2127 580 2162 si
597 2128 724 2171 posset
746 2123 882 2161 enim?
905 2122 1006 2161 cioe:
1028 2125 1114 2161 sine
1136 2136 1296 2170 corpore
1321 2124 1430 2162 hum
1447 2135 1542 2162 ano
1568 2125 1698 2169 miri,-
1725 2136 1825 2163 non:

336 2174 421 2211 sola
448 2174 533 2210 sine
559 2184 728 2218 corpore.
755 2172 787 2209 Ε
811 2170 949 2216 quindi
971 2171 1096 2208 anche
1121 2173 1187 2208 137
1214 2184 1294 2209 non
1316 2172 1386 2216 piu
1406 2171 1618 2217 superfluo.
1640 2171 1732 2210 Non
1759 2170 1824 2210 c’e

337 2221 408 2258 che
431 2220 457 2257 il
477 2221 561 2258 sola
580 2220 652 2256 che
670 2221 778 2256 resta
797 2231 950 2264 sempre
973 2218 1013 2255 di
1031 2222 1184 2264 troppo.
1203 2219 1270 2257 Ma
1288 2231 1368 2257 non
1385 2219 1417 2257 si
1433 2219 1622 2259 calunnia
1635 2218 1826 2258 Luctezio

337 2266 652 2312 attribuendogli
670 2266 1031 2304 un’inavvertenza
1053 2266 1090 2303 di
1112 2271 1251 2311 questo
1270 2279 1417 2312 genere
1438 2267 1480 2305 in
1501 2279 1582 2304 una
1607 2265 1826 2305 iterazione

337 2315 377 2352 di
403 2318 542 2360 questo
569 2326 727 2360 genere.
763 2314 846 2352 Con
873 2327 953 2351 una
979 2314 1176 2351 revisione
1207 2315 1397 2355 ulteriore
1423 2314 1617 2353 Lucrezio
1649 2314 1826 2353 avr-ebbe

338 2365 581 2400 certamente
610 2361 820 2399 rimediato
848 2374 920 2399 con
942 2361 1122 2399 ulteriori
1152 2361 1452 2400 modificazioni.
1477 2362 1544 2400 Ma
1563 2362 1722 2403 intanto
1747 2374 1827 2400 non

338 2409 397 2448 c'e
419 2411 582 2455 ragione
605 2409 824 2447 sufficiente
843 2410 882 2452 (a
902 2412 1033 2446 tacere
1052 2408 1157 2446 della
1183 2413 1324 2454 troppo
1350 2408 1613 2454 improbabile
1638 2412 1827 2456 proposta

338 2458 484 2495 Gobel:
519 2457 724 2494 eliminare
761 2457 928 2503 133-140,
963 2469 984 2494 e
1011 2455 1176 2494 fondere
1214 2458 1282 2494 132
1309 2469 1329 2495 e
1363 2456 1430 2495 141
1465 2458 1507 2495 in
1538 2469 1593 2494 un
1624 2456 1686 2496 sol
1709 2469 1825 2495 verso

337 2508 393 2543 sic
426 2507 555 2542 animi
584 2508 734 2542 matema
766 2506 902 2550 nequit
935 2506 1021 2541 sine
1053 2503 1185 2550 forma
1219 2505 1406 2549 animali)
1431 2517 1502 2550 per
1534 2506 1736 2544 accettare
1763 2505 1823 2542 eol

338 2553 503 2598 Brieger
532 2552 614 2590 solo
642 2564 722 2589 una
747 2557 861 2597 parte
889 2551 995 2589 della
1028 2551 1260 2597 iterazione‚
1297 2551 1496 2599 passando
1523 2551 1573 2590 da
1601 2552 1675 2592 127,
1693 2564 1718 2590 a
1746 2553 1826 2594 138.

338 2601 440 2638 eolla
458 2599 731 2645 supposizione
746 2600 818 2637 che
836 2612 889 2636 un
908 2599 1035 2637 inetto
1055 2599 1359 2646 interpolatore,
1377 2599 1416 2638 ai
1433 2600 1547 2646 pochi
1566 2599 1672 2638 versi
1689 2599 1826 2646 iterati

339 2648 388 2701 (la
410 2647 600 2686 Lucrezio
618 2650 742 2685 stesso
766 2648 930 2692 138341,
949 2647 1069 2685 abbia
1090 2659 1292 2692 premesso
1313 2647 1440 2686 anche
1458 2647 1516 2693 gli
1537 2647 1628 2686 altri
1653 2648 1821 2685 128-137.

338 2702 371 2739 Ε
392 2714 472 2739 una
493 2701 769 2746 supposizione
791 2700 856 2746 gia
874 2713 945 2746 per
967 2700 1008 2739 se
1030 2701 1285 2748 complicata3
1309 2714 1371 2740 ma
1393 2700 1629 2746 s’aggiunga
1651 2699 1723 2739 che
1745 2700 1829 2741 eosi‘
1865 2707 1870 2717 ¹

343 2751 445 2796 quod
470 2751 655 2796 qnoniam
677 2748 880 2787 andrebbe
903 2750 1093 2787 costi-nito
1119 2749 1160 2786 in
1185 2749 1301 2788 modo
1323 2749 1478 2787 diverso
1504 2761 1525 2787 e
1546 2760 1662 2791 meno
1682 2747 1829 2794 proba·
1856 2758 1864 2795 ζ

1864 2798 1871 2830 ἒ
