1872 3002
342 120 427 167 114
759 121 846 168 DE
876 120 1109 170 RERUM
1141 120 1418 171 NATURA

369 219 571 274 temporo
604 231 692 275 quo
724 215 923 274 primum
955 215 1090 264 tellus
1123 214 1343 264 animalia
1374 217 1506 276 fudit,

268 292 337 329 915
369 280 435 327 nil
466 286 619 328 tamen
651 285 718 327 est
751 281 875 339 signi
907 281 1079 328 mixtas
1113 282 1311 341 potuisse
1343 283 1491 330 creari

368 346 488 393 inter
520 362 566 393 se
598 345 790 405 pecudes
822 350 1149 406 compactaque
1181 348 1386 395 membra
1417 349 1719 408 animantum,

368 415 607 470 propterea
638 411 746 470 quia
778 427 894 470 quae
926 411 981 458 de
1012 413 1149 460 torris
1182 429 1303 460 nunc
1334 429 1514 474 quoque
1546 403 1794 464 abundant

369 476 615 522 herbarum
647 492 820 534 genera
851 492 905 523 ac
938 476 1093 536 fruges
1126 478 1405 538 arbustaque
1436 479 1558 527 laeta

368 557 459 588 non
491 546 646 588 tamen
677 541 798 588 inter
827 558 875 589 se
908 548 1096 601 possunt
1129 543 1367 602 complexa
1399 545 1558 604 creari,

268 615 339 652 920
369 607 447 654 sed
478 623 550 654 res
583 623 787 666 quaeque
819 623 900 654 suo
933 608 1026 654 ritu
1059 608 1275 667 procedit,
1309 613 1354 656 et
1385 626 1541 658 omnes

369 673 547 720 foedere
579 676 772 719 naturae
804 676 926 719 certo
957 673 1226 723 discrimina
1257 679 1456 722 servant.
1513 722 1525 736 „

425 739 492 785 At
522 754 668 797 genus
699 737 952 785 humanum
985 739 1130 787 multo
1162 739 1249 787 fuit
1278 739 1395 787 illud
1425 741 1474 788 in
1508 741 1634 790 arvis

342 907 527 945 elementi
553 905 627 944 atti
654 905 733 943 alla
760 905 1002 952 produzione
1029 905 1068 943 di
1094 905 1270 954 animali,
1295 906 1376 945 cosi
1401 906 1473 945 che
1499 905 1603 954 pote,
1628 918 1739 946 come
1765 906 1830 946 s’e

342 956 455 1000 visto,
482 966 612 991 essere
636 954 675 991 la
700 954 836 991 madre
863 953 902 991 di
930 956 1033 992 tutte
1068 954 1104 991 lc
1143 955 1274 999 specie
1313 955 1488 998 animali,
1514 967 1594 994 non
1619 954 1671 993 de
1695 954 1830 993 diritto

342 1015 366 1040 a
392 1001 654 1040 conchiudore
682 1001 754 1039 che
780 1004 938 1047 potesse
964 1000 1158 1046 produrre
1185 1002 1312 1040 anche
1341 1002 1444 1040 delle
1470 1003 1601 1048 specie
1627 1003 1830 1045 abbinate‚

342 1049 487 1095 perche
506 1049 688 1087 vediamo
707 1050 777 1086 che
800 1061 901 1095 essa,
927 1049 998 1086 che
1024 1061 1096 1094 per
1121 1050 1288 1094 rispetto
1313 1050 1392 1087 alle
1409 1051 1542 1095 specie
1561 1050 1735 1095 vegetali
1752 1063 1832 1088 non

343 1098 364 1134 e
384 1109 531 1134 ancora
551 1096 675 1144 effeta,
694 1109 758 1134 ma
775 1097 808 1133 si
831 1099 946 1135 trova
963 1096 1070 1134 nella
1088 1098 1214 1134 slessa
1233 1097 1463 1136 condizione
1486 1097 1526 1137 di
1544 1097 1680 1136 madre
1698 1097 1833 1137 imme-
1856 1128 1860 1130 .

343 1145 464 1189 diata,
478 1157 553 1189 pur
568 1144 769 1181 mantiene
783 1144 821 1181 la
836 1144 1015 1189 rigorosa
1031 1143 1265 1182 distinzione
1281 1145 1386 1183 della
1399 1146 1542 1191 specie.
1616 1165 1661 1170 —
1676 1145 1760 1184 013.
1773 1158 1830 1184 se-

342 1195 454 1230 mina
478 1204 623 1237 rernm,
650 1190 732 1229 cioe
759 1192 834 1229 atti
861 1191 941 1229 alla
969 1191 1212 1236 produzione
1238 1193 1430 1238 animale,
1457 1205 1566 1231 come
1592 1191 1614 1230 ὸ
1639 1192 1743 1231 fatto
1769 1205 1832 1231 ca-

342 1241 427 1285 pire
445 1239 508 1276 dal
525 1252 559 1276 v.
580 1252 660 1284 seg.
758 1259 802 1265 ——
816 1239 900 1276 915.
919 1240 1037 1277 nil...
1056 1241 1183 1285 sioni:
1203 1239 1218 1255 “
1234 1240 1275 1276 in
1297 1239 1356 1278 cio
1374 1252 1453 1278 non
1471 1239 1528 1278 c’e
1541 1240 1797 1286 aleunsegno
1811 1269 1829 1287 „

342 1288 436 1331 (non
462 1286 634 1332 semplic-
665 1287 680 1304 “
703 1298 781 1324 non
807 1286 869 1324 c'e
896 1286 1013 1324 alcun
1039 1299 1161 1332 segno
1180 1314 1219 1330 „‚
1255 1287 1296 1325 in
1328 1289 1502 1333 genere).
1604 1308 1641 1314 -
1668 1287 1747 1324 91⁶.
1765 1300 1834 1335 pe-

343 1336 459 1372 cudes
477 1347 521 1364 --
540 1335 749 1371 animalia
850 1355 892 1360 -—
930 1339 1126 1381 compacta
1159 1347 1268 1372 mem.
1298 1335 1491 1373 richiama
1518 1337 1832 1381 espressamente

342 1384 423 1419 817.
499 1402 540 1408 -
556 1382 636 1419 917.
651 1394 756 1419 mmo
769 1394 928 1428 quoque,
944 1395 966 1419 a
979 1381 1195 1420 differenza
1210 1382 1314 1427 degli
1331 1382 1504 1420 animali.
1579 1403 1622 1408 —
1636 1382 1720 1419 919.
1737 1394 1833 1421 com-

335 1430 471 1476 pleam,
497 1430 655 1475 passivo
681 1430 719 1473 (e
741 1429 877 1474 quinrii
906 1432 1021 1467 usato
1043 1441 1152 1467 come
1173 1432 1297 1476 agg.);
1322 1430 1365 1468 II
1387 1431 1455 1468 154
1480 1430 1678 1477 complexa
1701 1434 1833 1468 meant

342 1480 448 1515 inter
467 1489 519 1514 se.
545 1477 687 1514 Munro
705 1477 784 1514 cita
803 1477 928 1514 anche
951 1477 1029 1515 Cic.
1047 1490 1119 1523 pro
1140 1476 1227 1515 Sex.
1250 1478 1362 1516 Rosc.
1380 1479 1424 1515 37
1447 1489 1521 1525 quo
1540 1489 1620 1516 uno
1636 1478 1828 1524 maleficio

342 1526 490 1562 scelera
518 1527 651 1562 omnia
677 1525 875 1570 complexa
901 1537 981 1562 esse
1006 1525 1229 1562 videantur.
1326 1545 1368 1550 ——
1396 1525 1482 1563 920.
1508 1525 1528 1562 Ι
1553 1524 1676 1564 codici
1701 1526 1769 1564 sed
1793 1527 1832 1564 si

343 1584 539 1618 quaeque,·
559 1572 680 1609 Laeh.
700 1585 720 1609 e
739 1572 856 1609 Bern.
875 1573 943 1609 sed
960 1574 1019 1609 vis
1038 1584 1222 1619 quaeque,
1240 1571 1340 1610 dove
1366 1575 1426 1610 vis
1447 1572 1648 1611 dovrebbe
1667 1572 1830 1619 proprio

343 1620 570 1664 significare
598 1621 614 1636 ‘⁴
638 1620 771 1664 specie
795 1646 825 1665 π,
868 1619 927 1657 6ἱὸ
957 1619 1030 1657 che
1065 1619 1086 1657 e
1120 1632 1218 1664 poco
1255 1619 1455 1658 credibile.
1489 1620 1640 1666 Lamb.,
1675 1620 1834 1666 Munro,

343 1667 483 1711 Gobel,
509 1667 601 1712 Brg.
627 1679 703 1710 νεε,
725 1667 798 1704 che
825 1669 992 1713 accetto,
1017 1679 1081 1704 ma
1107 1679 1186 1705 non
1208 1667 1404 1706 l’intendo
1431 1679 1540 1706 come
1566 1680 1647 1706 una
1667 1679 1834 1714 genera-

343 1714 571 1757 lizzazione,
593 1715 660 1759 qui
687 1726 784 1759 poco
815 1719 1054 1759 opportuna,
1080 1727 1144 1751 ma
1175 1715 1242 1752 nel
1273 1727 1389 1753 senso
1422 1715 1537 1760 quasi
1560 1714 1833 1762 pronominale

344 1763 416 1799 che
443 1762 496 1798 ha
531 1761 659 1799 talora
691 1774 756 1799 res
782 1762 821 1799 in
848 1762 973 1800 latino
1008 1763 1024 1780 “
1042 1774 1107 1799 ma
1141 1763 1327 1800 ciascuna
1362 1762 1402 1800 di
1429 1774 1515 1801 esse
1541 1762 1689 1809 (specie
1714 1774 1831 1808 vege-

346 1809 439 1854 tali).
461 1839 476 1854 „
506 1809 624 1846 Piace
652 1809 679 1846 il
706 1809 786 1846 sibi
809 1809 847 1846 di
875 1810 1090 1854 Fui-mann,
1115 1809 1201 1853 (cfr.
1227 1810 1326 1855 958),
1352 1822 1416 1848 ma
1440 1809 1469 1848 il
1502 1810 1633 1848 femm.
1660 1822 1833 1857 quaeque

344 1869 422 1894 non
458 1857 489 1893 si
525 1857 816 1902 spiegherebbe
852 1857 1094 1901 facilmente,
1119 1855 1169 1894 ne
1203 1857 1235 1894 si
1261 1856 1340 1902 pub
1367 1857 1501 1903 seguir
1526 1857 1729 1896 Parmann
1757 1869 1830 1896 oon

344 1907 506 1950 quicque
532 1917 552 1942 e
584 1916 657 1942 con
680 1907 813 1942 onmia
835 1904 915 1941 alla
941 1904 1019 1942 fine
1041 1904 1105 1942 del
1131 1916 1258 1942 verso.
1284 1904 1432 1943 Contro
1457 1907 1591 1943 omnia
1615 1917 1787 1951 osset-va.
1804 1904 1832 1942 il

344 1952 510 1996 Brieger
536 1951 607 1989 che
629 1963 708 1989 non
731 1950 752 1988 e
779 1952 858 1989 mai
883 1951 1069 1989 bisillabo
1087 1952 1125 1988 in
1145 1952 1348 1990 Lucrezio.
1375 1951 1491 1990 Circa
1512 1954 1652 1998 questo
1674 1964 1791 1990 verso
1809 1964 1831 1990 c

345 2000 371 2036 il
394 2011 487 2044 sog„
506 1999 578 2036 che
598 1999 852 2043 proclamano
874 1999 914 2036 la
936 1998 1219 2036 immutabilita
1236 1998 1338 2037 delle
1361 1999 1503 2045 specie,
1521 1999 1613 2038 vedi
1629 1999 1832 2038 Excursus

343 2059 367 2083 a
389 2048 558 2084 675-677.
585 2046 752 2084 Citiamo
771 2047 839 2091 qui
860 2046 940 2084 alla
962 2047 1099 2084 chiusa
1124 2046 1137 2083 i
1163 2047 1246 2084 noti
1274 2047 1379 2085 versi
1405 2047 1444 2085 di
1466 2047 1648 2093 Virgilio,
1666 2047 1750 2085 Eat.
1772 2047 1831 2085 VI

344 2096 386 2131 31
414 2107 511 2140 sgg.,
539 2094 611 2132 che
633 2106 733 2132 sono
761 2107 814 2131 un
840 2094 1042 2132 riassunto
1069 2093 1108 2130 di
1134 2096 1276 2139 questa
1301 2099 1416 2139 parte
1441 2094 1481 2132 di
1506 2094 1713 2133 Lucrezi0·

590 2171 737 2208 Namque
759 2170 908 2206 canebat,
927 2170 974 2199 uti
994 2179 1147 2206 magnum
1166 2178 1226 2206 per
1245 2170 1342 2200 inane
1363 2173 1479 2202 concta

589 2212 718 2241 Semina
737 2214 966 2248 terrarumque
987 2212 1182 2248 animaeque
1204 2212 1370 2250 marisque
1390 2213 1535 2243 fuissent

590 2252 630 2281 Et
649 2251 765 2288 liquidi
785 2252 880 2281 simul
899 2252 1003 2288 ignis3
1023 2254 1058 2281 ut
1077 2252 1128 2281 his
1148 2260 1189 2281 ex
1208 2253 1317 2282 onmia
1336 2253 1461 2290 primis,

588 2294 712 2328 Omnia,
732 2296 765 2323 et
784 2294 854 2330 ipse
875 2297 969 2323 tener
987 2294 1098 2323 mundi
1118 2295 1324 2324 concreverit
1343 2295 1450 2331 orbis;

589 2335 668 2364 Tum
688 2335 817 2364 durare
838 2335 942 2364 solum
962 2337 995 2364 et
1014 2335 1201 2364 discludere
1221 2335 1329 2366 Nerea
1348 2339 1448 2373 ponto

591 2376 743 2411 Coeperit
764 2378 796 2404 et
815 2384 923 2405 rerum
942 2375 1101 2412 paulatim
1122 2384 1249 2406 sumere
1269 2376 1408 2412 formam

590 2418 723 2453 Iamque
744 2425 863 2445 novum
883 2419 992 2446 terrae
1012 2418 1167 2453 stupeant
1186 2417 1355 2447 lucescere
1375 2418 1486 2454 solem,

589 2457 695 2486 Altius
715 2459 814 2493 atque
834 2457 955 2486 cadant
975 2457 1133 2487 submotis
1152 2458 1295 2488 nubibus
1315 2458 1448 2494 imbres,

587 2498 750 2534 Incipiant
770 2498 873 2527 silvae
893 2507 965 2528 cum
985 2498 1124 2535 primum
1143 2507 1289 2536 surgere,
1308 2508 1448 2537 cumque

587 2539 677 2568 Rara
697 2548 756 2576 per
775 2540 910 2575 ignaros
931 2542 1041 2569 errent
1062 2541 1217 2570 animalia
1236 2541 1364 2571 montis.

437 2627 637 2665 922-1238.
665 2627 746 2666 Ora
771 2629 963 2666 Luerezio
990 2628 1231 2667 abbandona
1257 2629 1284 2667 il
1312 2629 1450 2676 campo
1476 2611 1731 2668 dellastoria
1756 2642 1828 2668 na·
1870 2659 1872 2663 >

342 2677 485 2722 turale‚
507 2689 578 2721 per
602 2687 765 2721 passare
788 2676 868 2713 alla
894 2676 1017 2714 storia
1039 2675 1278 2715 dell’umano
1304 2677 1600 2717 incivilimento.
1621 2678 1669 2716 In
1689 2681 1829 2724 questa
1859 2684 1866 2729 ¹.

341 2725 469 2769 prima
494 2726 609 2769 parte
636 2724 822 2760 922-1238
847 2724 961 2769 pai-Ia
988 2723 1091 2761 delle
1116 2724 1273 2772 origini,
1298 2724 1476 2763 desei-ive
1503 2725 1542 2763 la
1567 2725 1652 2764 vita
1678 2736 1826 2764 umana
1865 2734 1872 2771 ι
