1872 3002
306 150 363 195 98
717 150 803 197 DE
833 149 1066 197 RERUM
1096 148 1373 197 NATURA
1731 123 1733 125 ’
1807 0 1872 201 d

338 242 594 289 consentiie
626 247 787 302 putare
820 247 865 290 et
898 242 1033 302 fungi
1064 246 1226 290 mutua
1257 259 1387 303 posse
1863 278 1872 310 ς

236 318 307 355 800
337 307 611 366 desipereszt
645 307 756 367 quid
789 308 910 354 enim
943 307 1168 355 diversius
1200 324 1296 355 esse
1327 294 1629 368 putandumst
1844 311 1872 371 ξ

335 377 416 419 aut
446 373 597 430 magis
628 372 751 419 inter
783 389 829 420 se
861 373 1143 420 disiunctum
1174 373 1581 434 discrepitansque,

339 454 477 498 quam
509 438 700 485 mortale
733 438 855 497 quod
885 443 953 486 est
984 438 1222 486 inmortali
1252 443 1390 498 atque
1421 440 1611 499 perenni

337 504 547 550 iunctum
577 503 626 550 in
659 503 852 550 concilio
885 519 1047 551 saevas
1079 503 1276 551 tolerare
1308 504 1561 563 procellas?

338 573 577 628 praeterea
607 584 920 629 quaecumque
953 573 1144 616 manent
1176 575 1363 616 aeterna
1388 574 1621 618 vnecessest

236 645 306 682 805
337 639 417 682 aut
450 635 558 693 quia
589 639 696 682 sunt
728 635 872 683 solido
904 652 1006 682 cum
1040 651 1227 693 corpore
1257 651 1468 695 respuere
1499 636 1619 684 ictus
1654 634 1657 638 ⁴

337 716 420 746 nec
451 704 690 759 penetrare
721 700 819 759 pati
850 700 938 748 sibi
969 701 1216 760 quicquam
1249 701 1370 760 quod
1402 706 1542 760 queat
1572 705 1705 749 artas·

338 765 583 813 dissociare
614 765 739 813 intus
772 766 928 825 partis,
964 772 1014 813 ut
1045 766 1259 813 materiai

339 847 530 890 corpora
561 836 680 890 sunt,
715 847 910 891 quorum
942 837 1158 879 naturam
1191 832 1474 880 ostendimus
1506 836 1641 889 ante3

338 900 419 943 aut
451 896 553 942 ideo
586 896 751 943 durare
784 902 983 944 aetatem
1016 913 1145 956 posse
1176 913 1259 956 per
1292 914 1473 945 omnem

236 970 307 1006 810
337 961 582 1021 plagarum
614 962 722 1021 quia
754 966 860 1009 sunt
889 961 1109 1022 expertia,
1144 963 1263 1010 sicut
1294 962 1490 1017 inanest,

310 1183 437 1208 senso.
458 1198 474 1214 „
571 1191 617 1196 —
644 1171 728 1209 799.
754 1173 972 1209 consentire
998 1183 1076 1209 non
1102 1170 1124 1209 ὸ
1147 1171 1214 1216 qui
1232 1184 1285 1209 un
1303 1171 1490 1217 semplice
1517 1166 1678 1209 “ander
1695 1170 1798 1210 d'ac-

310 1218 427 1256 cordo
447 1248 464 1265 „
494 1231 556 1256 ma
587 1218 608 1257 e
637 1218 652 1234 “
673 1219 820 1256 sentire
848 1220 1010 1256 insieme
1032 1234 1070 1265 „3
1102 1232 1122 1256 e
1149 1218 1208 1256 cio
1234 1219 1433 1257 mediante
1460 1219 1487 1256 il
1512 1223 1650 1257 mutua
1675 1218 1800 1266 fungi

312 1266 328 1282 ‘⁴
349 1267 449 1304 colle
475 1266 652 1304 funzioni
678 1267 872 1304 associate
894 1296 930 1311 „.
1006 1286 1049 1291 —
1075 1271 1212 1304 mutua
1238 1266 1358 1314 smmi
1381 1267 1508 1304 anche
1527 1266 1587 1304 IV
1612 1268 1700 1313 944;
1724 1279 1797 1312 per

309 1318 446 1351 mutua
485 1315 726 1356 avverbiale‚
763 1327 800 1352 v.
826 1315 867 1351 II
894 1316 949 1351 76.
1057 1333 1105 1340 -—-
1130 1314 1311 1352 800-803.
1345 1314 1459 1352 Circa
1491 1314 1531 1351 la
1563 1314 1708 1352 lacuna
1733 1314 1798 1352 del

309 1362 475 1406 Brieger
500 1366 563 1398 tra
587 1361 657 1399 802
684 1374 705 1399 θ
731 1364 812 1408 803,
839 1374 860 1399 o
887 1374 967 1400 una
992 1362 1182 1406 possibile
1208 1361 1454 1407 brachilogia
1479 1362 1521 1399 izi
1546 1361 1665 1407 luogo
1692 1361 1797 1400 della

308 1409 466 1455 lacuna,
492 1422 512 1446 e
539 1409 643 1447 circa
666 1410 703 1447 la
729 1409 983 1454 spiegazione
1010 1410 1048 1446 di
1074 1410 1205 1454 questi
1226 1410 1342 1451 versi,
1370 1409 1461 1447 vedi
1481 1410 1650 1448 Postilla
1675 1409 1798 1447 luere-

308 1459 441 1499 ziana,
467 1456 545 1494 vol.
571 1458 591 1494 I
617 1459 686 1494 219
712 1469 808 1502 sgg.‚
833 1458 874 1493 in
910 1457 1148 1502 particolare
1174 1458 1244 1493 222
1272 1460 1375 1494 nota.
1402 1457 1569 1500 [Heinze
1595 1458 1702 1495 tiene
1727 1458 1797 1495 803

309 1517 380 1548 per
397 1517 478 1541 una
504 1506 697 1549 aggiunta
717 1505 892 1550 seriore}
915 1525 956 1529 -—
978 1505 1084 1542 Nota
1109 1505 1138 1541 11
1159 1505 1315 1542 cumulo
1342 1504 1419 1547 (fra
1439 1504 1495 1549 gli
1514 1504 1609 1542 altri
1630 1504 1703 1542 che
1728 1504 1794 1550 qui

309 1552 440 1589 vicino
467 1552 722 1595 abbondano)
749 1553 954 1597 diversius,
981 1553 1233 1597 disiunctum,
1259 1553 1533 1598 discrepitans.

405 1605 579 1643 804-827.
605 1606 745 1643 Anche
771 1619 842 1651 per
868 1607 996 1650 questi
1021 1606 1124 1643 versi
1151 1606 1290 1648 (ossiaz
1318 1604 1463 1651 perche
1488 1608 1609 1650 tengo
1634 1617 1706 1651 per
1730 1618 1797 1651 ge-

310 1655 422 1691 nuini
448 1654 515 1698 qui
541 1655 759 1690 8044116-
773 1654 809 1691 V
835 1656 920 1691 351-
923 1656 1012 1699 363,
1035 1652 1181 1698 perche
1208 1654 1258 1691 ho
1277 1665 1404 1691 messo
1422 1653 1567 1690 lacuna
1584 1652 1686 1698 dopo
1705 1655 1796 1700 8163

311 1715 334 1739 a
353 1702 424 1739 che
439 1701 626 1738 alludono
641 1703 709 1738 817
726 1702 827 1746 sgg)
846 1703 878 1738 si
898 1701 998 1739 veda
1017 1701 1055 1738 la
1069 1701 1237 1739 Postilla
1259 1702 1346 1738 lucr
1349 1703 1500 1738 eziana.
1519 1700 1686 1744 [Heinze
1707 1713 1798 1739 con-

310 1762 426 1787 serva
453 1749 566 1786 anch'
575 1749 653 1794 egli
679 1751 762 1786 804-
766 1751 847 1795 816,
881 1750 969 1794 qui;
996 1761 1059 1785 ma
1092 1749 1144 1786 ha
1170 1762 1250 1786 una
1276 1753 1371 1786 nota
1407 1749 1576 1786 curiosa.
1601 1748 1794 1786 Dichiara

311 1796 495 1834 evidente
523 1762 622 1834 cheg
617 1809 713 1834 sono
736 1797 830 1834 stati
852 1797 979 1834 scritti
1001 1796 1197 1834 anzitutto
1224 1797 1289 1842 pti
1311 1796 1346 1833 V
1367 1796 1484 1842 libro,
1509 1808 1530 1833 e
1550 1795 1625 1833 che
1645 1794 1687 1833 la
1711 1796 1794 1834 solo

311 1856 569 1888 convengono
595 1844 860 1890 pienamente,
891 1844 1037 1890 perche
1064 1848 1178 1882 trova
1206 1845 1278 1881 che
1313 1844 1341 1880 il
1366 1847 1476 1881 terzo
1503 1855 1594 1881 caso
1623 1863 1660 1869 -
1690 1844 1797 1881 nihil

312 1896 425 1929 extra
442 1904 551 1929 omne
571 1912 612 1916 —-
636 1905 656 1929 e
679 1893 863 1929 naturale
885 1892 1053 1929 addurlo
1080 1891 1119 1929 la
1141 1904 1164 1929 a
1184 1892 1386 1937 proposito
1409 1890 1472 1928 del
1494 1890 1652 1937 mondo,
1671 1903 1693 1928 e
1716 1903 1796 1929 non

311 1940 364 1976 ha
385 1951 500 1977 senso
526 1940 592 1985 qui
614 1953 636 1976 a
658 1940 861 1984 proposito
883 1940 1109 1976 ‹lell'anima
1135 1941 1214 1983 (ma
1234 1942 1347 1976 tanto
1369 1939 1438 1983 qui
1459 1937 1531 1975 che
1553 1937 1592 1975 la
1612 1939 1645 1976 si
1671 1941 1796 1976 tratta

314 1987 353 2024 di
371 1999 582 2024 enumerat
605 1990 735 2024 tutte
757 1988 793 2025 le
815 1987 1036 2025 condizioni
1055 1985 1333 2028 dell'eternita,
1348 1998 1419 2031 per
1433 1989 1601 2023 mostrar
1619 1986 1691 2024 che
1709 1999 1796 2024 nes-

311 2048 411 2072 suna
433 2036 623 2073 conviene
650 2035 732 2072 alla
757 2047 849 2073 cosa
875 2035 947 2072 che
975 2034 1013 2071 la
1039 2047 1061 2072 o
1089 2035 1156 2079 qui
1184 2035 1217 2071 si
1243 2035 1415 2071 sostiene
1440 2045 1548 2071 esser
1571 2033 1740 2071 mortale
1754 2036 1796 2080 !);
1835 2047 1838 2050 ⁴

311 2084 377 2127 poi
401 2095 474 2127 par
510 2082 582 2120 che
608 2081 743 2128 pieghi
775 2095 891 2120 verso
925 2083 964 2119 la
991 2082 1267 2120 eliminazione
1305 2081 1368 2118 del
1403 2081 1647 2127 Lachmann,
1674 2093 1696 2119 θ
1721 2093 1794 2126 par

311 2131 597 2174 disapprovare
633 2130 820 2167 Giussani
854 2143 875 2167 e
906 2130 1085 2175 Brieger,
1120 2130 1191 2167 che
1218 2129 1291 2166 soli
1317 2140 1396 2166 non
1427 2129 1559 2166 hanno
1585 2129 1741 2174 seguito
1766 2129 1795 2166 il
1832 2140 1835 2143 ·

310 2178 565 2223 Lachmann3
587 2178 652 2222 poi
673 2177 809 2215 finisce
824 2178 883 2214 ool
900 2177 1163 2215 conchiudcre
1185 2177 1257 2215 che
1278 2188 1374 2214 sono
1395 2176 1696 2221 indispensabili
1716 2176 1796 2222 qui,

310 2238 382 2270 per
403 2225 431 2261 il
452 2231 639 2270 rapporto
662 2225 734 2262 che
757 2225 889 2262 hanno
911 2236 984 2262 con
1006 2227 1074 2262 817
1094 2237 1189 2270 sgg.,
1217 2237 1237 2262 e
1259 2224 1385 2261 rileva
1403 2224 1430 2260 il
1451 2226 1793 2270 mallis-:potina

311 2285 433 2317 segno
461 2273 498 2309 di
526 2278 666 2317 questo
702 2273 855 2317 legame
883 2293 928 2297 -—
959 2273 1248 2318 precisamente
1284 2283 1392 2309 come
1425 2271 1474 2309 ho
1502 2271 1611 2309 detto
1643 2273 1694 2309 io.
1725 2271 1794 2308 Ma.

311 2321 437 2357 allora
465 2321 542 2365 egli
570 2320 723 2357 doveva
750 2320 833 2357 dire
861 2340 905 2345 -—
933 2333 953 2357 e
980 2333 1059 2357 non
1086 2320 1171 2358 dice
1199 2340 1240 2345 --
1263 2320 1335 2356 che
1362 2318 1491 2363 crede,
1517 2319 1699 2364 aggiunti
1726 2319 1793 2364 qui

310 2369 379 2404 817
406 2380 489 2412 sgg.
524 2367 854 2413 posteriormente
887 2367 967 2404 alla
1000 2369 1218 2406 iterazione
1251 2366 1315 2403 dal
1342 2366 1379 2403 V
1405 2366 1444 2403 di
1469 2368 1645 2411 804-8163
1684 2366 1795 2404 altri-

311 2416 433 2452 menti
471 2415 492 2452 ὲ
530 2416 570 2451 in
597 2415 954 2460 contraddizione]
1051 2435 1097 2440 —
1124 2414 1207 2452 804.
1237 2418 1446 2460 necessest;
1470 2414 1609 2451 invece
1635 2414 1701 2451 nel
1726 2426 1794 2458 pa-

310 2463 450 2500 rallelo
484 2462 521 2499 V
554 2464 619 2499 351
644 2467 850 2500 necessust.
959 2483 998 2487 —
1030 2462 1116 2500 805.
1152 2463 1277 2500 solido
1314 2474 1399 2499 cum
1436 2473 1620 2509 corpore,·
1651 2462 1793 2499 Lucre-

311 2511 371 2547 zio
410 2523 482 2547 usa
520 2510 908 2547 indifferentemente
946 2510 987 2546 in
1021 2512 1161 2554 questo
1205 2521 1320 2547 senso
1354 2509 1471 2547 l⁷.abl
1505 2521 1578 2546 con
1613 2521 1636 2546 o
1674 2521 1793 2546 senza

311 2570 548 2595 611111.-
586 2557 677 2595 805.
703 2570 886 2604 rwespuere
916 2559 1027 2594 ictus.
1055 2558 1157 2594 Plin.
1188 2556 1392 2594 XXXVII
1418 2558 1461 2593 5'l
1490 2557 1552 2594 dei
1581 2555 1792 2595 diamanti:
1862 2602 1865 2606 ἦ

310 2609 534 2651 oespzcentes
559 2607 670 2642 ictus.
767 2625 812 2630 --
839 2605 931 2642 806.
959 2605 1047 2648 sili
1073 2606 1210 2642 invece
1238 2604 1276 2641 di
1312 2606 1355 2641 in
1389 2617 1439 2649 se,
1465 2616 1536 2648 per
1571 2603 1793 2641 attrazione
1865 2622 1868 2629 »

311 2653 374 2690 del
399 2655 488 2699 pati
521 2652 674 2698 (pati-m
703 2653 803 2690 mihi
837 2652 905 2690 hoc
941 2652 1205 2698 11110-
1229 2656 1377 2689 artas..
1430 2655 1587 2698 partes;
1619 2650 1692 2689 che
1721 2650 1792 2688 l-’a-
1802 2684 1804 2689 ,

310 2704 428 2746 tomo,
450 2712 558 2737 come
594 2700 887 2746 sappia1n0,ha
912 2701 1031 2745 parti,
1063 2712 1127 2736 ma
1153 2699 1464 2737 assolutamente
1497 2699 1684 2739 continue
1711 2698 1794 2740 (ar-

312 2749 400 2792 tas).
500 2768 540 2773 —
570 2760 752 2793 respuere
778 2750 879 2785 ictus
906 2760 927 2784 e
964 2760 1032 2784 nec
1063 2752 1270 2793 penetrate
1301 2749 1412 2794 pati;
1445 2746 1516 2784 cfr.
1550 2747 1571 2783 1
1605 2746 1675 2783 528
1700 2745 1794 2784 haec
