1872 3002
641 165 839 215 LIBER
869 165 942 215 IV
974 167 1173 215 961-984
1562 165 1650 212 253

169 277 254 311 nos
284 277 424 322 agere
453 261 543 310 hoc
573 267 728 310 autem
761 267 806 310 et
838 267 1057 310 naturam
1091 277 1310 322 quaerere
1342 275 1498 307 rerum

169 343 349 389 semper
379 332 426 376 et
455 327 696 376 inventam
730 328 895 387 patriis
928 344 1157 388 exponere
1179 326 1380 375 chartis.

169 399 322 443 cetera
353 394 422 443 sic
453 394 610 442 studia
641 399 780 459 atque
813 398 937 442 artes
970 394 1241 454 plerumque
1273 393 1494 441 videntur

169 459 220 509 in
250 460 425 510 somnis
457 459 637 509 animos
670 460 912 508 hominum
944 461 1172 508 frustrata
1203 466 1372 507 tenere.

44 540 141 583 ,970
171 531 218 575 et
248 525 528 588 quicumque
560 526 659 574 dies
693 526 862 574 multos
895 542 952 574 ex
985 526 1147 574 ordine
1180 525 1303 574 ludis

172 591 394 642 adsiduas
425 592 653 640 dederunt
685 608 862 652 operas,
897 592 1170 652 plerumque
1202 591 1427 650 videmus,

171 674 275 707 cum
307 658 404 707 iam
436 658 718 707 destiterunt
749 675 804 706 ea
837 658 1048 706 sensibus
1082 674 1319 718 usurpare,

170 723 370 773 relicuas
399 728 559 773 tamen
590 741 687 774 esse
719 725 820 774 vias
852 725 901 772 in
936 729 1088 772 mente
1121 724 1336 784 patentis,

171 807 265 853 qua
295 790 476 852 possint
506 791 665 839 eadem
700 791 860 839 rerum'
888 790 1140 838 simulacra
1171 791 1352 837 venire:

18 908 22 919 ἶ
68 867 140 907 9ῗό
170 873 253 918 per
283 857 456 906 multos
487 857 646 918 itaque
678 858 761 905 illa
793 857 890 905 dies
923 856 1084 904 eadem
1117 857 1424 904 obversantur

170 927 280 973 ante
311 923 482 983 oculos,
515 924 657 972 etiam
690 924 941 983 vigilantes
975 927 1026 970 ut
1058 923 1308 971 videantur

172 1005 361 1038 cernere
392 989 607 1038 saltantis
640 995 685 1038 et
717 989 877 1038 mollia
908 989 1118 1037 membra
1151 989 1394 1047 moventis,

170 1059 217 1104 et
247 1055 454 1104 citharae
485 1055 731 1120 liquidum*
750 1072 937 1104 carmen
970 1054 1259 1115 chordasque
1291 1055 1527 1116 loquentis

22 1066 45 1196 Ξ
171 1122 364 1171 auribus
395 1122 616 1182 accipere,
650 1127 695 1170 et
728 1138 988 1170 consessum
1025 1138 1211 1170 cernere
1244 1122 1441 1170 eundem

69 1199 143 1238 980
174 1188 420 1250 scenaique
453 1188 591 1237 simul
622 1188 777 1237 varios
810 1188 1048 1248 splendere
1081 1188 1279 1236 decores.

170 1271 316 1316 usque
347 1255 462 1304 adeo
492 1255 657 1315 magni
687 1255 829 1303 refert
861 1254 1068 1303 studium
1100 1260 1239 1315 atque
1272 1254 1501 1315 voluptas,

170 1325 217 1368 et
248 1319 418 1382 quibus
449 1321 499 1368 in
531 1322 669 1369 rebus
702 1321 973 1370 consuerint
1005 1337 1102 1369 esse
1134 1321 1314 1381 operati

170 1403 264 1436 non
295 1386 504 1436 homines
537 1387 687 1436 solum
719 1388 798 1437 sed
830 1404 940 1436 vero
973 1387 1196 1435 animalia
1229 1393 1410 1437 cuncta.
1451 1414 1458 1420 ·

173 1454 343 1516 quippe
374 1455 553 1504 videbis
585 1471 727 1516 equos
759 1455 906 1514 fortis,
941 1471 1046 1503 cum
1079 1456 1288 1503 membra
1319 1456 1549 1515 iacebunt,

142 1696 217 1738 che
242 1696 366 1737 Festo
391 1696 479 1736 dice
506 1709 638 1736 essere
667 1700 860 1745 peractio.
895 1699 963 1737 Ma
997 1698 1025 1736 il
1057 1701 1178 1745 poeta
1211 1699 1297 1738 dice
1335 1700 1475 1747 deqere
1513 1701 1655 1740 bellum

142 1745 307 1792 proprio
333 1757 445 1784 come
470 1745 639 1784 direbbe
666 1748 806 1794 deflere
833 1752 1022 1794 aetatem
1055 1747 1129 1786 che
1167 1760 1300 1787 essere
1335 1749 1376 1786 in
1409 1761 1557 1794 guerra
1591 1749 1652 1788 coi

142 1793 256 1834 venti
281 1792 304 1832 ὸ
328 1793 371 1832 la
395 1793 482 1832 vita
507 1793 570 1833 del
598 1795 810 1843 marinam,
836 1809 857 1834 e
877 1809 901 1833 a
919 1795 980 1834 οἱὸ
999 1798 1126 1835 stesso
1144 1809 1322 1835 accenna
1348 1797 1377 1834 il
1396 1802 1654 1837 contractum.

34 1855 42 1887 :⁵
143 1853 190 1871 ·-'-
217 1842 312 1889 Brg.
333 1842 522 1881 duellum.
651 1862 657 1871 =
691 1844 783 1882 967.
816 1845 970 1882 chartis
979 1858 995 1892 ,·
1028 1844 1078 1882 da
1115 1845 1278 1883 chartae
1313 1858 1337 1883 a
1375 1844 1556 1892 “lingua
1576 1877 1593 1894 „
1627 1847 1657 1884 il

112 1900 114 1902 ·
142 1889 307 1937 viaggio
333 1888 356 1928 ὁ
390 1890 619 1936 lunghetto.
724 1912 770 1917 —
803 1892 897 1930 969.
933 1895 1090 1931 animos
1127 1905 1217 1939 ogg.
1249 1893 1290 1931 di
1325 1893 1446 1941 frast.
1482 1906 1504 1932 e
1539 1894 1578 1933 di
1606 1899 1658 1933 te·

31 1955 38 1964 ·
143 1950 248 1978 nere.
344 1957 393 1966 —·
419 1939 510 1975 970.
537 1939 684 1986 Ognun
710 1940 870 1978 ricorda
897 1941 970 1978 che
996 1941 1039 1978 in
1065 1942 1193 1979 Roma
1223 1941 1264 1978 in
1292 1946 1400 1980 certe
1426 1943 1655 1982 ricorrenze

142 1986 292 2026 festose
317 1987 353 2024 si
379 1985 537 2026 davano
564 1989 779 2034 spettacoli
805 1989 879 2027 che
906 1988 1116 2028 duravano
1151 1990 1340 2035 parecchi
1374 1990 1530 2038 giorni3
1565 2004 1587 2030 e
1614 1992 1655 2029 in

144 2034 241 2081 quei
265 2034 400 2080 giorni
423 2035 439 2073 i
464 2035 557 2074 ludi
579 2037 614 2074 si
638 2037 947 2083 prolungavano
973 2049 995 2075 e
1022 2038 1055 2075 si
1080 2038 1411 2083 moltiplicavano
1446 2038 1538 2086 (per
1569 2041 1655 2078 dies

142 2083 290 2122 multos
316 2095 364 2122 ex
389 2084 531 2122 ordine
558 2084 667 2132 ludi)
680 2099 696 2132 ;
721 2097 743 2123 e
768 2085 810 2123 la
835 2098 1003 2124 comune
1029 2087 1184 2124 smania
1211 2086 1251 2124 di
1277 2086 1429 2125 codesti
1464 2088 1560 2132 ludi,
1598 2100 1654 2126 sc-

143 2133 408 2178 gnatamente
429 2131 536 2171 dello
554 2133 836 2180 spettaooloso,
855 2133 992 2172 deride
1010 2135 1080 2180 qui
1097 2134 1426 2173 indirettamente
1448 2135 1655 2178 Lucrezio,

146 2178 285 2218 deride
311 2178 517 2227 Cicerone,
544 2180 681 2219 deride
708 2181 867 2229 Orazi0‚
892 2195 974 2220 ecc.
1074 2203 1118 2208 —
1150 2195 1198 2221 ex
1223 2184 1364 2222 ordine
1401 2184 1418 2199 ‘⁴
1438 2196 1518 2222 non
1544 2197 1655 2223 man-

143 2226 272 2266 cando
297 2240 322 2266 a
341 2240 399 2266 un
423 2228 508 2268 solo
525 2254 560 2273 „.
657 2249 702 2256 —
717 2230 801 2268 972.
823 2243 870 2268 ea
890 2231 923 2268 si
942 2230 1124 2269 riferisee
1147 2245 1170 2269 a
1189 2230 1295 2277 ludi3
1322 2231 1353 2268 il
1369 2235 1515 2270 neutro
1533 2245 1654 2278 gene-

144 2275 295 2314 ralizza
320 2287 344 2315 e
368 2288 548 2315 accenna
573 2277 656 2316 alla
683 2278 768 2316 loro
794 2279 948 2323 grande
974 2279 1144 2318 varieta.
1243 2300 1285 2305 —
1306 2292 1408 2318 sens.
1426 2293 1565 2328 usurp.
1582 2282 1653 2320 cfr.

143 2323 274 2363 oculis
290 2335 490 2373 usurpare
506 2325 527 2363 I
544 2326 627 2363 301.
677 2346 722 2352 —
738 2326 826 2362 973.
843 2327 881 2365 N
883 2327 962 2364 ella
981 2327 1066 2366 loro
1085 2327 1261 2366 fantasia
1279 2333 1442 2366 restano
1462 2327 1655 2375 (relicuas

144 2371 247 2419 esse)
275 2372 510 2418 spalancate
534 2373 572 2412 le
599 2376 715 2420 porte
741 2375 822 2420 agli
857 2374 954 2413 idoli
989 2375 1029 2413 di
1064 2376 1157 2421 quei
1190 2375 1394 2414 medesimi
1430 2378 1654 2423 spettaeoli.

142 2419 180 2458 11
195 2423 327 2459 restat
342 2420 381 2459 le
398 2421 464 2460 vie
481 2423 622 2468 aperte
647 2435 727 2461 non
745 2421 767 2460 ὸ
789 2423 862 2461 che
888 2435 943 2461 un
960 2423 1076 2462 modo
1094 2425 1250 2469 poetico
1272 2437 1344 2470 per
1362 2424 1446 2463 dire
1466 2426 1538 2463 che
1561 2427 1655 2472 quei

145 2468 333 2514 sognanti
357 2468 397 2514 (e
423 2469 552 2508 anche
578 2470 786 2516 veglianti‚
814 2472 902 2516 976)
932 2471 1067 2510 hanno
1094 2472 1134 2510 la
1160 2477 1294 2511 mente
1321 2485 1477 2519 sempre
1510 2473 1605 2512 fissa
1630 2487 1655 2512 a

144 2516 282 2563 quegli
307 2515 417 2556 idoli.
514 2537 562 2544 —
588 2518 721 2557 eadem
747 2531 884 2557 rerum
910 2521 1193 2558 simulacra:
1209 2522 1426 2559 earundem
1446 2535 1580 2560 rerum
1603 2525 1657 2560 si-

145 2564 341 2603 mulacra.
437 2587 486 2594 —-
510 2566 593 2604 977.
619 2566 702 2605 Gfr.
731 2568 811 2605 787.
912 2587 956 2594 -
985 2568 1079 2606 978;
1107 2568 1180 2607 che
1199 2569 1230 2606 si
1249 2569 1328 2615 pub
1348 2570 1509 2614 parlare
1527 2571 1657 2609 anche

145 2611 188 2650 di
212 2612 309 2651 idoli
329 2613 463 2652 sonori
483 2613 652 2659 (sebben
671 2615 804 2660 questi
822 2628 900 2654 non
921 2617 1033 2654 siano
1052 2622 1286 2655 veramente
1305 2619 1440 2653 εἴδωλα
1458 2621 1521 2655 ma
1542 2615 1656 2665 ὄγκοι,

146 2659 241 2699 vedi
265 2673 291 2699 a
315 2661 386 2699 522
412 2662 530 2708 sgg.),
555 2674 577 2700 e
603 2664 732 2702 anche
760 2662 799 2700 di
826 2665 959 2709 questi
984 2677 1034 2703 ve
1061 2665 1099 2702 n'
1110 2666 1163 2703 ha
1189 2665 1229 2702 di
1251 2665 1430 2703 effluenti
1449 2666 1515 2704 dai
1535 2668 1656 2714 corpi,

146 2707 189 2747 di
212 2709 424 2755 vagolanti
449 2710 584 2749 isolati
613 2723 634 2748 e
661 2711 743 2750 cosi
769 2712 882 2750 tenui
908 2713 981 2750 che
1007 2712 1169 2751 l’animo
1196 2713 1223 2750 li
1250 2725 1368 2758 possa
1386 2715 1602 2757 avvert're‚
1628 2715 1657 2753 il

146 2768 264 2796 senso
288 2769 353 2796 no.
451 2778 496 2784 -
524 2758 599 2794 980
625 2759 696 2797 cfr.
724 2761 782 2796 77.
880 2781 923 2786 -
949 2761 1036 2798 981.
1054 2764 1196 2808 maym'
1209 2761 1285 2809 ref.
1304 2763 1407 2800 stud.
1427 2765 1500 2801 etc.
1578 2763 1657 2802 fre-

147 2808 298 2851 quanto
322 2817 379 2844 un
403 2818 609 2854 pronome,
634 2820 699 2846 ma
724 2819 818 2860 raro
852 2820 907 2846 un
941 2811 1107 2847 sostant.
1135 2822 1245 2855 sogg.
1272 2810 1311 2848 di
1338 2810 1476 2858 refe-rt.
1511 2811 1614 2850 Vedi
1643 2812 1654 2849 i
