1872 3002
332 159 417 205 150
738 156 823 204 DE
854 155 1086 203 RERUM
1118 156 1397 204 NATURA

358 258 564 305 hostibus
596 256 848 303 intulerant
879 256 1036 314 ignem
1069 255 1330 303 formidinis
1363 272 1487 315 ergo,

236 339 327 376 1245
358 323 454 370 sive
486 323 607 382 quod
638 321 819 368 inducti
850 325 999 368 terrae
1030 321 1235 368 bonitate
1266 320 1480 368 volebant

358 388 556 447 pandere
587 403 725 446 agros
757 386 943 445 pinguis
976 391 1020 433 et
1052 402 1223 445 pascua
1253 386 1442 433 reddere
1474 402 1597 445 rura,

359 453 454 500 sive
485 453 605 499 feras
636 452 891 499 interficere
922 456 967 498 et
999 451 1219 499 ditescere
1252 451 1447 511 praeda:

358 533 464 563 nam
498 517 630 564 fovea
661 520 799 575 atque
830 516 930 574 igni
962 515 1091 574 prius
1123 521 1191 562 est
1223 516 1436 563 venarier
1466 520 1619 563 ortum

357 598 494 641 quam
529 582 703 640 saepire
737 580 886 640 plagis
918 581 1087 628 saltum
1120 581 1400 641 canibusque
1433 582 1565 628 ciere.

235 663 326 700 1250
358 647 582 706 quidquid
613 647 660 693 id
691 651 773 699 est,
806 662 1094 705 quacumque
1126 663 1149 692 e
1182 662 1320 693 causa
1352 647 1592 695 flammeus
1624 646 1762 694 ardor

356 713 568 760 horribili
600 713 754 760 sonitu
785 712 926 760 silvas
959 712 1178 759 exederat
1210 712 1318 760 altis

357 779 414 824 ab
446 778 679 825 radicibus
711 783 755 824 et
787 783 957 824 terram
993 783 1260 836 percoxerat
1291 778 1407 837 igni,

357 844 577 890 manabat
610 843 737 891 venis
770 843 1055 890 ferventibus
1087 843 1136 890 in
1169 843 1269 890 loca
1300 848 1450 890 terrae

358 925 560 956 concava
592 909 865 956 conveniens
897 908 1080 967 argenti
1113 908 1242 956 rivus
1273 913 1318 955 et
1350 908 1466 967 auri,

236 989 325 1026 1:255
357 975 475 1021 aeris
506 975 613 1021 item
649 979 694 1020 et
725 973 916 1033 plumbi.
950 990 1066 1032 quae
1099 990 1204 1020 cum
1237 979 1449 1021 concreta
1479 973 1698 1029 videbant

358 1041 581 1098 posterius
615 1040 738 1086 claro
770 1039 818 1086 in
851 1044 974 1086 terra
1007 1039 1242 1098 splendere
1276 1039 1437 1097 colore,

356 1104 578 1151 tollebant
610 1104 755 1150 nitido
788 1104 909 1162 capti
942 1103 1123 1162 levique
1154 1103 1320 1162 lepore,

356 1175 401 1216 ct
435 1169 574 1217 simili
607 1169 806 1216 formata
837 1169 1058 1215 videbant
1091 1185 1186 1216 esse
1218 1168 1369 1227 figura

357 1240 494 1294 atque
526 1235 797 1281 lacunarum
830 1234 1016 1281 fuerant
1047 1233 1246 1293 vestigia
1279 1234 1455 1293 cuique.

234 1305 455 1354 mco-tum
490 1301 758 1359 penetrabat
791 1316 865 1347 eos
898 1315 1029 1358 posse
1061 1299 1174 1346 haec
1207 1299 1456 1359 liquefacta
1487 1299 1639 1346 calore

360 1367 613 1426 quamlibet
645 1366 693 1413 in
725 1367 921 1413 formam
953 1370 997 1412 et
1029 1365 1190 1413 faciem
1227 1366 1466 1413 decurrere
1497 1381 1664 1424 rerum,

357 1440 402 1479 ct
435 1449 641 1492 prorsum
678 1431 891 1491 quamvis
923 1431 972 1477 in
1004 1435 1141 1478 acuta
1173 1447 1228 1478 ac
1258 1431 1415 1478 tenvia
1448 1446 1576 1490 posse

359 1514 630 1545 mucronum
666 1497 770 1544 duci
804 1497 994 1554 fastigia
1026 1497 1330 1555 procudendo‚

356 1569 407 1610 ut
441 1564 528 1611 sibi
559 1563 651 1610 tela
684 1568 859 1622 parent,
893 1562 1124 1621 silvasque
1156 1567 1207 1609 ut
1241 1562 1429 1609 caedere
1462 1561 1637 1621 possint

326 1756 491 1794 essendo
529 1756 569 1793 la
610 1759 717 1792 terra
756 1754 883 1791 allora
920 1754 960 1790 in
997 1766 1097 1798 grau
1134 1755 1248 1798 parte
1288 1756 1449 1797 coperta
1490 1751 1530 1790 di
1570 1752 1700 1798 selve;
1742 1751 1814 1794 cfr.

328 1806 430 1841 1368.
531 1823 571 1828 —
599 1801 706 1839 1244.
733 1802 892 1848 formid.
920 1813 1032 1848 eryo;
1053 1801 1116 1838 III
1143 1803 1187 1838 78
1213 1804 1441 1838 statuarum
1467 1804 1502 1838 et
1519 1801 1694 1838 nominis
1711 1811 1811 1846 erqo.
1845 1806 1868 1842 ᾖ,

325 1853 409 1889 Liv.
435 1851 570 1891 XXII,
606 1852 651 1888 38
678 1849 799 1896 fuyae
825 1853 939 1896 atque
965 1848 1201 1895 formidinis
1235 1860 1341 1894 erqo.
1436 1868 1479 1873 -
1506 1846 1612 1883 1246.
1632 1847 1811 1895 pandere

327 1912 443 1945 aoros
465 1902 538 1936 etc.
560 1897 575 1914 ‘⁴
592 1897 839 1935 abbattendo
861 1897 969 1934 selve
991 1897 1053 1933 far
1073 1896 1210 1941 luoghi
1238 1895 1369 1941 aperti
1391 1895 1464 1933 che
1490 1895 1640 1933 fossero
1667 1896 1806 1939 campi,

327 1960 348 1984 o
369 1947 517 1992 pascoli
539 1961 576 1993 „3
598 1958 746 1992 pascua
767 1957 856 1990 agg.
932 1964 973 1969 —
992 1943 1095 1981 1247.
1111 1944 1284 1990 praeda;
1303 1948 1482 1989 appunto
1503 1942 1541 1980 le
1559 1942 1655 1980 fiere
1673 1943 1813 1981 uccise.

325 1995 431 2032 Nota
445 2006 553 2032 come
567 1994 594 2030 il
609 1996 728 2039 poeta
746 1995 860 2037 colga
873 1991 1107 2030 l'occasione
1122 2004 1193 2037 por
1207 1991 1446 2029 descriverci
1459 2003 1514 2028 un
1528 1990 1631 2029 altro
1644 1994 1813 2036 aspetto‚

325 2043 415 2079 anzi
438 2043 506 2087 piu
527 2042 619 2079 altri
641 2041 788 2085 aspetti
810 2040 849 2077 di
871 2040 1005 2084 quella
1025 2040 1111 2077 vita
1131 2039 1346 2084 primitiva,
1368 2037 1469 2076 onde
1490 2037 1523 2076 si
1543 2037 1682 2084 spiega
1703 2049 1812 2076 come

325 2090 379 2134 gli
406 2090 555 2127 nomini
581 2100 766 2126 avessero
794 2087 913 2125 molte
940 2087 1138 2125 occasioni
1164 2086 1203 2123 di
1231 2099 1348 2124 usare
1375 2086 1481 2123 della
1501 2090 1685 2131 scoperta
1709 2085 1813 2123 faita

325 2137 387 2175 ‹lel
410 2138 538 2182 fuoco,
560 2150 580 2174 e
603 2149 711 2174 come
732 2135 761 2172 il
783 2135 896 2173 suolo
918 2135 976 2172 sia
999 2135 1037 2171 in
1058 2134 1138 2172 cosi
1156 2146 1255 2180 gran
1277 2137 1392 2179 parte
1414 2136 1608 2179 seoperto,
1623 2133 1695 2171 che
1711 2132 1813 2181 dap·
1865 2156 1872 2166 =

325 2185 451 2230 prima
478 2185 631 2222 doveva
657 2196 789 2221 essere
811 2184 851 2220 in
873 2195 973 2228 gran
993 2187 1109 2227 parte
1130 2182 1307 2220 boscoso.
1403 2201 1450 2206 --
1470 2180 1685 2218 1250-1252.
1701 2180 1814 2228 flam·
1836 2226 1846 2231 ἢ

325 2245 432 2270 meus
465 2233 650 2270 ardor...
685 2236 833 2269 terram
877 2234 1107 2268 concoxerat
1143 2231 1252 2275 iqui!
1292 2229 1430 2266 Anche
1463 2231 1604 2274 questo
1637 2228 1811 2274 esempio
1864 2233 1872 2237 ’

326 2280 403 2324 pub
442 2280 667 2318 confortare
707 2279 748 2315 in
783 2280 892 2316 certo
929 2277 1044 2315 modo
1081 2278 1224 2315 nedum
1263 2289 1361 2324 quae
1397 2280 1522 2314 mente
1554 2276 1724 2323 volutat,
1752 2275 1812 2313 ΙΙΙ
1865 2294 1869 2295 ’

325 2330 406 2365 240.
526 2347 571 2352 --
614 2326 721 2363 1257.
759 2327 957 2364 nitido...
1002 2325 1128 2371 lepore
1171 2324 1365 2362 “attratti
1408 2323 1516 2362 dalla
1549 2322 1752 2361 lucidezza
1790 2336 1810 2362 e
1864 2348 1867 2350 —

326 2376 571 2421 levigatezza
600 2404 639 2420 „.
761 2394 806 2399 —-
849 2373 1059 2413 tolleman
1100 2372 1115 2388 “
1138 2372 1368 2416 prendevan
1406 2384 1452 2409 su
1490 2371 1541 2408 da
1581 2370 1712 2416 quelle
1750 2383 1813 2408 ca-

326 2422 408 2460 vita
432 2453 462 2469 „.
559 2443 605 2447 —
632 2421 738 2459 1260.
763 2420 1001 2468 penetrabat
1027 2433 1111 2467 eos;
1135 2420 1254 2457 Wak.
1281 2433 1301 2457 e
1321 2420 1462 2457 Munro
1487 2418 1697 2456 ricordano
1716 2419 1809 2456 Tac.
1869 2436 1872 2461 1

327 2484 419 2508 aim.
451 2471 469 2507 1
500 2471 545 2507 69
581 2470 699 2507 Nihil
736 2473 863 2506 tamen
902 2468 1103 2505 Tiberium
1134 2470 1263 2514 mayis
1285 2468 1507 2514 penetravit
1532 2479 1648 2514 quam
1674 2467 1810 2503 studia
1861 2481 1872 2516 2⁴,

326 2519 534 2562 hominum
553 2529 716 2554 accensa
741 2519 785 2554 in
811 2517 1101 2563 Ayrippinam;
1136 2528 1156 2553 e
1183 2527 1253 2560 per
1278 2515 1318 2552 la
1344 2514 1593 2553 costruzioue
1619 2518 1682 2552 sta
1707 2513 1809 2551 benc
1863 2519 1872 2546 ἐ

323 2567 351 2603 il
379 2567 610 2610 confront03
637 2577 700 2601 ma
726 2564 752 2600 il
780 2576 894 2601 senso
922 2563 943 2601 e
970 2563 1127 2600 diverso
1153 2563 1305 2600 affatto.
1404 2581 1447 2588 —
1474 2561 1577 2597 1261.
1604 2562 1810 2599 decurrere
1863 2572 1872 2604 ff

328 2613 342 2629 ‘⁴
361 2613 550 2651 scendere
572 2625 595 2649 a
613 2642 628 2658 „
652 2611 735 2649 cioe
761 2611 775 2627 ‘⁴
793 2610 988 2649 adattarsi
1014 2623 1037 2647 a
1059 2638 1087 2657 „.
1167 2630 1209 2635 —
1230 2609 1336 2646 1264.
1357 2609 1436 2647 Per
1455 2612 1638 2656 parente
1657 2611 1811 2656 possint
1852 2614 1862 2658 j>

325 2674 413 2698 mss.
445 2661 688 2704 Lachmann,
721 2660 875 2705 seguito
903 2658 953 2696 da
978 2659 1095 2696 'Bern-
1132 2670 1153 2695 e
1180 2658 1334 2704 Munro,
1360 2659 1413 2695 3³
1438 2656 1548 2702 ediz.‚
1574 2668 1596 2694 e
1621 2656 1713 2702 Brg.
1739 2656 1809 2700 (in-
1846 2665 1872 2705 ²:²4

325 2709 463 2752 certo),
487 2709 603 2752 legge
631 2708 774 2744 darent
794 2719 815 2744 e
840 2710 998 2753 possent
1007 2720 1020 2752 ;
1053 2718 1117 2743 ma
1138 2705 1379 2743 l'artificioso
1402 2707 1595 2742 costrutto
1618 2704 1689 2741 che
1715 2702 1809 2748 quei
1851 2697 1872 2754 ζ

324 2755 475 2793 metalli
507 2756 649 2792 darent
682 2754 762 2792 sibi
796 2753 1061 2800 (hominibus)
1097 2753 1186 2799 tela,
1212 2752 1233 2792 e
1259 2752 1400 2790 affatto
1427 2751 1759 2797 antilucrezian03
1785 2763 1808 2788 a
1839 2737 1872 2808 ξ

1857 2809 1872 2838 ,Ξ
