1872 3002
611 106 809 164 LIBER
839 114 912 164 v1
944 108 1143 165 961-993
1188 97 1190 99 ’
1541 110 1629 165 279

47 270 51 278 A
154 219 248 272 qna
277 207 346 269 nil
375 213 445 258 est
476 209 653 258 homini
687 211 810 271 quod
842 211 1037 259 amariu’
1072 211 1286 260 frondeat
1318 227 1436 261 esca.

153 275 353 337 denique
385 275 702 324 amaracinum
737 276 912 336 fugitat
944 294 1021 326 sus
1053 282 1099 325 et
1130 277 1264 325 timet
1298 293 1433 325 omne

62 390 64 395 ,
151 346 438 404 ungentum:
471 358 582 390 nam
615 343 859 402 saetigeris
892 345 1035 392 subus
1067 359 1173 391 acre
1210 348 1503 402 venenumst;

61 437 66 454 τ
99 425 124 465 5
154 408 279 470 quod
307 424 392 457 nos
424 408 657 456 interdum
691 414 930 468 tamquam
966 426 1173 457 recreare
1206 410 1405 458 videtur.
1438 424 1442 429 ·

153 478 204 535 at
234 478 395 523 contra
428 473 562 522 nobis
593 489 787 521 caenum
820 475 1089 522 taeterrima
1121 491 1226 522 cum
1259 475 1319 522 sit

140 539 409 602 spurcities,
442 540 600 588 eadem
636 541 778 588 subus
809 541 924 588 haec
956 540 1161 588 iucunda
1193 541 1392 598 videtur,

151 606 486 656 insatiabiliter
515 606 604 654 toti
635 611 687 654 ut
719 606 973 655 volvantur
1004 606 1191 654 ibidem.

203 671 319 723 ⁴Hoc
348 671 488 721 etiam
522 676 743 733 superest,
777 673 879 732 ipsa
910 688 1050 733 quam
1084 672 1235 720 dicere
1268 672 1325 720 dc
1357 688 1406 720 re

46 763 99 791 ωε·
143 737 416 799 adgredior,
449 738 574 799 quod
605 738 854 786 dicendum
887 739 1014 799 prius
1048 755 1145 787 esse
1178 738 1376 786 videtur.

151 803 304 855 multa
333 804 567 853 foramina
598 820 702 852 cum
736 804 881 852 variis
913 805 1007 853 sint
1039 804 1222 851 reddita
1254 804 1405 862 rebus,

153 869 370 921 dissimili
401 871 526 918 inter
558 886 605 919 se
637 874 808 918 natura
840 870 1054 930 praedita
1085 870 1254 918 debent

151 952 252 986 esse
280 941 326 985 et
357 935 527 985 habere
559 952 692 984 suam
725 940 944 984 naturam
978 952 1187 996 quaeque
1219 936 1424 995 viasque.

50 1053 54 1056 ,
150 1003 322 1064 quippe
351 1003 523 1051 etenim
555 1002 678 1052 varii
709 1018 872 1051 sensus
905 1002 1225 1049 animantibus
1257 1002 1431 1060 insunt,

47 1092 92 1122 ,ες
124 1084 351 1130 „quorum
385 1068 592 1130 quisque·
613 1084 746 1117 suam
779 1067 964 1128 proprio
996 1084 1095 1115 rem
1127 1067 1323 1127 percipit
1354 1067 1404 1114 in
1437 1083 1508 1116 se:

151 1150 262 1183 nam
295 1139 539 1195 penetrare
572 1134 664 1182 alio
696 1134 877 1182 sonitus
909 1133 1094 1193 alioque
1125 1148 1337 1192 saporem

153 1199 385 1250 cernimus
416 1217 440 1248 e
473 1200 609 1259 sucis,
643 1199 736 1247 alio
769 1199 946 1247 nidoris
979 1199 1153 1247 odores.

124 1266 127 1267 ⁷
154 1270 393 1328 praeterea
424 1282 617 1315 manare
650 1265 780 1313 aliud
812 1281 893 1325 per
925 1281 1041 1313 saxa
1073 1264 1273 1322 videtur,

47 1374 50 1379 .
151 1337 292 1393 atque
323 1332 454 1380 aliud
485 1331 643 1392 lignis,
677 1331 807 1379 aliud
838 1331 1039 1379 transire
1071 1346 1153 1390 per
1187 1345 1368 1388 aurum,

40 1419 124 1458 990
153 1402 444 1459 argentoque
475 1397 601 1447 foras
633 1396 762 1445 aliud
794 1396 1009 1456 vitroque
1041 1412 1220 1443 meare:

152 1483 263 1516 nam
293 1466 436 1516 fluere
467 1466 556 1515 hac
587 1467 775 1526 species,
809 1465 919 1512 illac
951 1464 1078 1512 calor
1110 1464 1178 1510 ire
1210 1463 1423 1515 videtur3

153 1539 296 1595 atque
326 1533 434 1582 aliis
465 1533 584 1582 aliut
617 1533 754 1581 citius
786 1531 1110 1580 transmittere
1143 1530 1317 1577 eadem.

153 1600 345 1659 scilicet,
377 1599 426 1648 id
457 1599 558 1648 fieri
590 1599 716 1658 cogit
749 1603 920 1646 natura
952 1597 1136 1646 viarum

7 1811 12 1813 -
40 1824 45 1829 Β
91 1786 94 1787 ’
123 1778 276 1818 antichi
301 1791 413 1818 come
439 1775 620 1828 ἄπορροή,
653 1778 878 1826 effluvium),
904 1778 978 1816 che
1010 1777 1204 1816 Luerezio
1230 1777 1283 1815 ha
1310 1776 1632 1815 evidentemente

20 1855 27 1863 ,
122 1827 262 1867 voluto
286 1826 533 1873 riprodurre.
559 1827 593 1866 Il
615 1827 710 1872 Brg.
737 1838 847 1864 come
872 1827 952 1870 noi,
974 1826 1086 1863 salvo
1109 1825 1259 1874 affluat
1285 1838 1357 1871 per
1378 1826 1540 1873 effluat;
1569 1837 1631 1863 ma

122 1875 329 1914 mette-ndo
354 1875 521 1914 insieme
548 1875 764 1922 amphorae
790 1874 957 1921 effluant
982 1876 1131 1918 vinum,
1165 1886 1187 1911 e
1214 1872 1293 1911 Cic.
1322 1874 1484 1911 dicendi
1505 1885 1630 1920 yenus

123 1922 305 1975 effluens,
331 1935 412 1962 non
438 1924 493 1962 mi
513 1927 628 1962 sento
651 1923 679 1961 il
699 1922 837 1960 diritto
860 1922 901 1960 di
923 1921 1149 1960 dichiarare
1177 1921 1422 1967 impossibile
1448 1933 1504 1958 un
1530 1922 1634 1959 olea-

123 1976 208 2011 ster
231 1971 376 2020 effluat
402 1972 617 2011 ambrosia.
650 1970 727 2009 Del
754 1973 862 2008 resto
896 1969 1072 2008 intendi:
1106 1972 1226 2017 quasi
1251 1969 1388 2017 effluat
1414 1969 1631 2015 ambrosia,

122 2023 160 2059 et
176 2021 298 2068 quasi
310 2023 470 2059 nectare
487 2021 646 2058 tinctus.
736 2039 773 2044 —
796 2018 879 2056 972.
898 2018 1014 2056 Bella
1033 2018 1295 2057 restituzione
1313 2017 1375 2054 del
1396 2017 1631 2055 Lachmann

122 2077 198 2115 per
219 2080 312 2106 mss.
338 2080 419 2116 qua
434 2098 443 2106 .
458 2098 467 2106 .
483 2098 492 2107 .
517 2070 674 2106 marius
700 2067 842 2113 fronde
869 2079 916 2104 ac
942 2070 1069 2104 exscet
1094 2065 1217 2111 (Obl.)
1248 2070 1349 2103 extet
1374 2064 1565 2111 (Quadr.).

21 2150 26 2157 .
216 2114 397 2154 sams.
423 2116 488 2154 Da
513 2116 654 2154 ultimo
681 2118 790 2153 resta
817 2114 869 2152 da
895 2114 1099 2152 ricordare
1133 2114 1173 2151 la
1199 2113 1394 2151 diversit&
1428 2112 1468 2150 di
1501 2113 1632 2151 forma

16 2175 35 2220 ς
107 2173 149 2212 ,ο
172 2162 399 2251 frandezza
425 2164 490 2203 dei
525 2164 647 2202 meati
681 2163 789 2201 nelle
822 2162 980 2200 diverse
1011 2174 1123 2208 cose3
1160 2161 1199 2199 la
1232 2161 1351 2207 quale
1388 2161 1633 2205 (combinata

20 2219 34 2239 ’ἑ
123 2220 171 2251 co
190 2211 229 2251 la
253 2211 450 2253 diversita
475 2211 582 2251 delle
607 2212 735 2250 forme
762 2210 962 2249 atomiche
988 2209 1092 2248 delle
1126 2222 1216 2248 cose
1250 2209 1499 2255 penetranti)
1530 2209 1573 2246 fa
1599 2209 1633 2247 si

123 2259 198 2301 che
224 2263 333 2300 certe
360 2272 452 2300 cose
477 2261 640 2307 passino
666 2272 738 2306 per
763 2262 872 2297 certe
899 2258 1016 2304 altre,
1041 2259 1145 2295 altre
1168 2270 1240 2302 no3
1267 2270 1289 2295 o
1308 2257 1382 2295 che
1399 2269 1472 2303 per
1493 2257 1532 2294 la
1553 2269 1632 2296 me-

124 2307 278 2349 decima
303 2320 396 2347 cosa
422 2311 530 2347 certe
557 2321 648 2347 cose
675 2307 836 2354 passino
862 2307 932 2353 piii
958 2306 1190 2344 facilmente
1218 2306 1291 2344 che
1317 2310 1427 2343 certe
1453 2304 1569 2343 altre.

219 2356 299 2395 9⁶1⁹
324 2369 382 2402 sg-
409 2369 598 2405 quam.·.
618 2359 751 2404 prius.
778 2355 923 2392 Munro
950 2355 1031 2392 cita
1058 2356 1099 2399 (a
1123 2354 1186 2391 III
1212 2355 1299 2397 971)
1324 2353 1384 2391 IV
1409 2354 1481 2390 884
1510 2364 1628 2400 qaam

16 2408 35 2463 ξ
122 2416 235 2444 mens
265 2405 446 2490 frovidit
482 2405 580 2452 quid
616 2405 708 2442 velit
747 2407 871 2451 ante;
907 2402 996 2441 Tib.
1023 2403 1042 2440 I
1081 2403 1114 2440 3.
1151 2404 1173 2440 9
1210 2414 1329 2449 quam
1366 2413 1476 2439 meus
1516 2404 1634 2445 ante;

16 2475 26 2479 ··
124 2452 243 2491 Mart.
291 2452 331 2491 -X
355 2453 403 2491 35
428 2465 547 2500 quam
573 2454 680 2490 venit
705 2456 809 2490 ante.
907 2471 950 2477 —
982 2449 1158 2487 981-983.
1183 2449 1394 2497 foramina
1422 2448 1631 2486 ...debent

16 2514 34 2554 ,1
125 2499 268 2540 habore
292 2512 390 2539 suas
415 2502 525 2547 vias‚·
561 2503 650 2539 viae
687 2499 757 2546 qui
782 2511 863 2538 non
890 2511 986 2537 sono
1020 2498 1033 2535 i
1060 2498 1183 2536 meati
1215 2497 1329 2536 stessi
1369 2496 1632 2543 (foramina),

123 2560 191 2588 ma
214 2548 254 2588 le
278 2548 420 2595 forme,
444 2548 482 2587 le
508 2549 614 2587 lineo
640 2548 798 2594 seguite
820 2547 886 2585 dal
906 2546 991 2585 loro
1010 2545 1273 2586 undamentoz
1302 2550 1457 2583 mentre
1479 2549 1631 2582 natura

18 2611 34 2647 ᾖ
124 2597 159 2636 si
183 2596 366 2636 riferisee
391 2597 590 2642 piuttosto
621 2597 700 2634 alle
725 2596 852 2633 forme
886 2597 925 2638 (8
959 2593 1198 2641 grandezze)
1229 2593 1293 2631 dei
1319 2592 1541 2640 foramina,
1567 2591 1631 2630 de-

22 2653 34 2673 *
125 2645 341 2684 terminate
368 2644 475 2683 dalle
501 2644 644 2692 pareti.
720 2655 722 2658 ’
744 2663 785 2668 -
804 2643 891 2679 986.
910 2655 968 2688 sg.
990 2643 1061 2680 cfr.
1082 2642 1124 2679 II
1142 2643 1213 2680 683
1231 2654 1287 2687 sg.
1388 2661 1427 2666 —
1451 2640 1524 2676 988
1545 2652 1631 2686 sgg.

123 2692 256 2743 Natini
281 2691 566 2732 l'intrecciarsi
604 2691 709 2731 delle
746 2691 825 2730 due
864 2689 1119 2736 costruzioni,
1155 2701 1228 2728 con
1261 2702 1334 2737 per
1368 2702 1389 2726 e
1417 2687 1631 2727 coll’abla-

19 2748 35 2789 '3
123 2739 221 2780 tivo.
319 2761 363 2768 -
388 2741 472 2780 991.
499 2741 714 2780 videtur=
732 2740 920 2781 videmus,
945 2738 983 2777 al
1010 2738 1140 2777 solito.
1250 2756 1296 2763 —
1320 2736 1406 2775 992.
1428 2737 1632 2774 transmit-
