1872 3002
641 171 840 224 LIBER
870 171 918 223 V
950 173 1085 224 ‘zo-91
1559 172 1616 220 13

59 273 99 321 Α.
122 274 251 319 'nam
282 269 400 318 bene
430 268 511 330 qui
541 269 743 318 didicere
775 269 882 318 deos
914 286 1128 318 securum
1164 286 1307 330 agere
1339 287 1517 325 aevom,

141 335 184 386 si
211 341 369 385 tamen
399 335 579 384 interea
609 337 844 384 mirantur
874 353 966 397 qua
998 337 1177 386 ratione

54 431 70 461 3
142 418 351 464 quaeque
380 402 485 462 geri
515 402 706 463 possint,
741 405 1017 463 praesertim
1048 405 1186 453 rebus
1217 405 1266 453 in
1299 405 1393 454 illis

55 494 104 523 ῃ,
141 484 260 530 quae
290 483 458 529 supera
489 474 628 528 caput
658 468 877 518 aetheriis
909 475 1164 519 cernuntur
1193 471 1244 519 in
1276 472 1383 530 oris,

134 550 306 585 rursus
335 534 386 583 in
416 534 636 596 antiquas
668 535 936 584 referuntur
967 537 1230 597 religiones,

67 598 85 634 ‘s'
144 605 195 650 et
221 600 432 650 dominos
463 601 585 650 acris
617 601 898 663 adsciscunt,
931 603 1090 651 omnia
1122 620 1254 664 posse

59 707 79 730 ,Ἴ
145 682 261 730 quos
290 667 449 717 miseri
479 667 688 728 credunt,
721 668 878 728 ignari
909 669 1023 730 quid
1054 675 1192 730 queat
1224 687 1336 730 esse,

147 732 263 796 quid
290 739 504 795 nequeat,
536 734 671 783 finita
701 739 905 795 potestas
938 735 1136 796 denique
1169 737 1336 797 cuique

59 826 110 852 4,ει
147 815 352 863 quanam
383 800 446 849 sit
475 801 655 849 ratione
687 805 826 861 atque
859 800 953 849 alte
983 802 1212 851 terminus
1244 802 1455 850 haerens.

208 866 343 926 Quod
373 871 595 928 superest,
628 883 686 915 ne
716 870 763 915 te
795 867 846 915 in
877 868 1119 928 promissis
1152 869 1288 930 plura
1319 883 1568 926 moremur,

44 1032 81 1092 ,¹1
120 1046 286 1108 νομίζειν
309 1043 367 1081 δἐἰ
390 1043 620 1091 γενέσθαι..
636 1038 766 1104 ,μήτε
789 1032 836 1079 αὖ
859 1037 976 1105 πυρὸς
1002 1037 1205 1092 οἷνοῖμματα
1230 1045 1582 1095 συνεστραμαένου.

56 1102 79 1133 .‘'
121 1093 217 1137 κατὰ
239 1093 411 1147 flavinum
434 1095 500 1138 τὰς
513 1093 675 1146 κινήσεις
691 1111 826 1137 ταυτας
842 1092 1289 1146 aaassa'uem.1,’·1ronico
1307 1101 1512 1146 moriyera
1533 1111 1632 1146 pare

63 1192 65 1195 ,
86 1160 89 1164 ’
122 1152 191 1193 un'
198 1164 270 1192 eco
287 1151 541 1192 dell’ironico
563 1150 881 1203 λειτουργοῦντοςς
909 1151 949 1190 la
968 1145 1088 1198 quale
1108 1152 1372 1200 espressione,
1399 1152 1440 1191 di
1460 1154 1633 1202 liturslia

66 1242 70 1243 ⁷
123 1205 274 1255 divina,
305 1205 460 1246 ritorna
493 1205 622 1244 anche
655 1205 765 1244 nella
798 1205 946 1244 lettera
979 1218 1004 1243 a
1039 1205 1207 1252 Pitocle‚
1240 1205 1342 1245 dove
1375 1207 1408 1245 si
1442 1210 1569 1246 tratta
1595 1207 1635 1245 di

63 1258 65 1261 ’
124 1236 274 1303 questi
289 1254 384 1294 fatti
409 1253 665 1293 astronomici
690 1252 726 1302 (ξ
751 1255 798 1293 92
823 1255 945 1301 sgg.);
972 1266 994 1292 e
1021 1265 1111 1292 essa
1137 1257 1277 1299 stessa‚
1315 1267 1338 1294 o
1363 1268 1446 1294 una
1473 1257 1638 1302 equiva-

80 1310 84 1311 ’
124 1303 248 1351 lente,
272 1302 428 1343 doveva
455 1315 563 1341 esser
587 1314 690 1349 pure
716 1302 782 1340 nel
807 1302 921 1341 fonte
954 1303 1141 1348 epicureo
1176 1302 1215 1340 di
1254 1302 1334 1342 Cic.
1365 1309 1448 1342 nat.
1477 1305 1514 1343 d.
1543 1305 1564 1343 I
1589 1305 1636 1342 22

79 1370 82 1372 ·
119 1354 254 1398 (come
278 1351 383 1391 bene
409 1362 575 1390 osserva
606 1351 636 1388 il
661 1350 808 1398 Brieg.‚
843 1350 963 1398 Epik.
976 1351 1009 1389 ’3
1034 1350 1168 1398 Brief,
1191 1364 1230 1397 p.
1258 1352 1337 1395 10).
1367 1352 1473 1400 Quzd
1506 1356 1637 1391 autem

52 1405 62 1411 ¹
84 1404 86 1406 ’
111 1404 228 1447 crat,
273 1401 353 1440 uod
369 1401 659 1448 concupisceret
675 1400 773 1438 deus
788 1399 980 1437 mundum
998 1400 1128 1446 siquis
1146 1403 1181 1437 et
1199 1399 1420 1439 Zuminzbus
1437 1405 1637 1458 tamquam

66 1476 70 1478 ἡ
129 1410 320 1488 aedilis
341 1447 527 1506 ornare?
622 1467 671 1474 —
696 1447 763 1484 82-
768 1447 880 1484 90—
842 1473 880 1479 -.
899 1447 959 1485 VI
983 1448 1044 1486 58-
1047 1448 1106 1486 66.
1137 1447 1332 1488 Lucrezio
1365 1449 1393 1486 li
1429 1449 1483 1488 ha
1509 1450 1639 1488 scritti

52 1519 69 1531 κ
127 1497 257 1585 grima
282 1497 366 1544 qui,
389 1495 493 1535 dove
518 1507 615 1535 sono
641 1496 787 1542 meglio
814 1509 838 1534 a
863 1496 950 1551 loro
975 1500 1112 1543 post03
1144 1494 1217 1534 che
1250 1508 1293 1535 se
1326 1498 1438 1536 tuoni
1468 1510 1490 1536 e
1517 1498 1640 1544 lampi

60 1571 82 1587 2
158 1556 265 1585 anno
289 1545 331 1584 la
355 1544 588 1592 maggiorp
591 1546 680 1583 arte
706 1544 815 1582 nella
840 1544 996 1590 origine
1023 1544 1129 1582 della
1156 1544 1323 1591 volgare
1349 1545 1547 1585 credenza
1580 1559 1643 1584 re-

58 1597 66 1627 '-
103 1630 106 1632 .
129 1594 286 1642 ligiosa
311 1592 334 1633 ὸ
357 1593 511 1633 invece
523 1558 588 1631 lap
591 1593 774 1632 mirabile
800 1591 1022 1638 regolarita
1048 1592 1114 1631 dei
1140 1592 1344 1632 fenomeni
1371 1595 1643 1640 astronomici,

60 1644 76 1665 -”
131 1654 154 1682 e
179 1641 359 1682 naturali
385 1642 428 1680 in
453 1653 614 1688 genere,
639 1641 712 1680 che
738 1640 818 1688 pub
845 1640 1012 1697 sedurre
1047 1641 1086 1679 lo
1117 1640 1258 1687 spirito
1291 1642 1359 1688 gia
1390 1643 1642 1689 emancipato

66 1728 69 1732 .
92 1699 98 1702 ·
131 1689 238 1730 dalle
255 1689 451 1730 credenze
468 1689 625 1736 volgari
647 1702 671 1728 a
688 1689 919 1728 ricascarvi
935 1689 1129 1728 Lucrezio
1147 1694 1274 1729 stesso
1291 1691 1371 1739 poi,
1388 1704 1495 1730 more
1515 1692 1645 1738 solito,

66 1745 70 1747 “
132 1737 163 1778 li
186 1739 242 1779 ha
265 1739 435 1786 ripetati
468 1738 536 1777 nel
563 1738 634 1786 VI,
659 1739 701 1776 in
735 1750 817 1776 una
843 1738 1052 1776 occasione
1080 1738 1266 1784 analoga
1302 1740 1362 1778 La
1392 1745 1554 1786 pretesa
1580 1739 1644 1777 del

72 1834 78 1837 .
131 1787 363 1835 Heumann,
387 1786 461 1826 che
481 1786 508 1825 l’
516 1798 599 1825 una
625 1798 648 1825 o
673 1786 808 1825 l'altra
832 1786 945 1825 volta
966 1797 1047 1824 non
1068 1787 1181 1825 sieno
1203 1788 1400 1826 autentici
1418 1801 1498 1827 non
1515 1788 1569 1826 ha
1590 1788 1647 1826 al-

66 1838 83 1879 ’ἦ
134 1848 213 1876 cun
237 1817 510 1875 fondamento.
538 1854 583 1861 —
600 1834 679 1873 Del
695 1839 803 1874 resto
829 1835 948 1873 viene
970 1835 1010 1872 in
1034 1838 1167 1873 mente
1190 1835 1318 1880 (come
1336 1836 1496 1875 ricorda
1517 1836 1645 1875 anche

0 1902 1 1905 ¹
63 1884 91 1920 Τ
134 1883 383 1941 nom-azio,
401 1883 432 1922 il
451 1883 572 1930 quale
599 1882 683 1921 Sat.
710 1883 731 1920 I
757 1884 780 1921 5
807 1884 875 1921 101
903 1883 1004 1930 dice,
1029 1883 1269 1922 ricordando
1296 1884 1321 1921 l'
1333 1885 1580 1931 espressione
1608 1883 1648 1922 di

66 1954 72 1956 v
134 1932 342 1980 Lucrezio‚
356 1943 527 1980 namque
544 1932 636 1970 deos·
651 1931 781 1970 didici
795 1943 979 1970 securum
994 1944 1111 1978 ayere
1126 1943 1263 1970 aevum
1278 1935 1373 1977 etc.;
1394 1946 1459 1971 ma
1473 1933 1539 1979 poi
1555 1934 1613 1972 od.
1629 1933 1648 1970 I

71 1981 90 2018 ἴ
136 1982 185 2021 34
209 1981 239 2019 il
289 1992 411 2020 arcus
431 1981 594 2019 deorum
620 1979 750 2018 cultor
771 1983 807 2018 et
832 1979 1069 2027 infrequens
1090 1979 1123 2018 si
1145 1980 1186 2017 fa
1206 1980 1234 2017 il
1256 1993 1380 2027 segno
1406 1981 1513 2020 della
1533 1993 1624 2020 croc
1627 1993 1648 2018 e

77 2054 79 2059 π
98 2040 101 2042 ·
136 1993 315 2087 manga
311 2029 365 2068 ha
382 2029 532 2068 sentito
553 2031 724 2067 tuonare
751 2041 776 2066 a
794 2028 870 2066 ciel
895 2039 1059 2066 sereno:
1086 2040 1150 2066 ma
1178 2028 1322 2068 Orazio
1350 2042 1429 2068 non
1451 2030 1566 2076 parla
1587 2029 1650 2067 sul

134 2078 244 2118 ‘serio
262 2075 312 2117 ιιὸ
331 2076 443 2116 luna
460 2077 510 2116 ne
524 2075 659 2115 l’altra
677 2076 800 2115 volta.
874 2097 923 2104 -—
939 2075 990 2112 84
1006 2089 1063 2122 sg.
1075 2079 1317 2133 praesertim
1334 2082 1409 2117 etc.
1426 2078 1557 2116 'lanto
1577 2078 1650 2116 che

84 2154 90 2166 .-
138 2126 314 2175 Epicuro
327 2124 468 2165 dieeva
480 2125 679 2172 (Diogene
693 2125 726 2162 L
747 2125 789 2163 X
805 2125 889 2170 142)
903 2124 936 2162 εἰ
955 2124 1078 2174 μηδὲν
1097 2121 1193 2174 ἧμας
1210 2127 1249 2161 αἱ
1265 2128 1352 2174 περὶ
1370 2125 1442 2163 τῶν
1454 2122 1652 2177 μετεώρων

68 2182 102 2235 f
142 2176 306 2228 ὖποψίαι
326 2175 531 2229 ἠνώχλουν,
549 2193 613 2215 ουκ
631 2176 679 2215 ἄν
696 2174 984 2229 προσεδεόμεθα
1003 2180 1242 2244 φυσιολογίας
1306 2200 1350 2205 -
1366 2181 1426 2218 85.
1440 2181 1487 2218 In
1505 2193 1625 2228 super
1629 2193 1653 2218 α

0 2279 1 2286 ¹
111 2271 114 2275 ,
141 2239 262 2284 caput
277 2246 299 2274 c
300 2232 342 2274 ’ὸ
362 2246 419 2273 un
434 2233 499 2281 po’
518 2233 590 2272 di
578 2233 776 2272 1rrisione.
867 2253 914 2259 —
929 2233 986 2270 87
1006 2236 1125 2278 acris,
1146 2234 1354 2280 malgrado
1368 2235 1397 2272 il
1416 2235 1502 2273 loro
1521 2234 1654 2273 ufficio

74 2301 83 2310 *²
141 2283 331 2330 tutelare,
356 2281 517 2330 perche,
542 2294 654 2321 come
679 2283 761 2321 ben
782 2286 1007 2321 commenta
1034 2264 1192 2320 Velleio
1218 2283 1259 2320 in
1282 2282 1362 2321 Cic.
1389 2287 1472 2322 nat.
1496 2284 1532 2321 d.
1553 2283 1574 2320 I
1595 2284 1655 2328 54,

63 2348 76 2378 ς]
111 2379 113 2382 Ι
138 2332 282 2383 ,qui-s..
295 2342 407 2371 ‚non
429 2332 566 2370 timeat
586 2332 722 2370 omnia
745 2331 1015 2378 providentem
1035 2335 1070 2368 et
1089 2331 1324 2376 coqitantem
1343 2336 1379 2370 et
1400 2332 1654 2370 animadver-

67 2386 76 2424 ξ
101 2383 107 2387 ’
144 2383 287 2422 uatem
307 2383 344 2418 et
363 2381 499 2418 omnia
524 2380 579 2418 ad
598 2391 638 2418 se
656 2381 864 2427 pertinere
880 2380 1099 2441 puta‘ntem,
1126 2381 1330 2418 curiosum
1351 2384 1388 2418 et
1408 2381 1570 2427 plenum
1592 2392 1657 2417 ne-

123 2430 247 2477 'aotii
269 2427 418 2467 deum?
514 2447 560 2454 —
586 2427 646 2466 87.
673 2429 809 2466 omnia
827 2439 969 2493 posse;
994 2426 1019 2464 l'
1034 2438 1171 2466 errore
1199 2440 1280 2466 non
1306 2431 1370 2466 sta
1399 2428 1463 2467 nel
1491 2427 1656 2466 credere

147 2474 424 2517 all’esistenza
462 2475 570 2522 degli
596 2474 672 2521 dei,
698 2488 764 2514 ma
790 2475 884 2514 nell’
894 2457 1088 2514 attribuit
1113 2475 1200 2514 loro
1226 2488 1282 2514 un
1308 2481 1448 2522 potere
1475 2489 1594 2521 sopra
1619 2476 1659 2513 la

146 2527 314 2566 natura:
339 2523 362 2564 ὸ
388 2537 464 2564 con
485 2523 544 2564 cio
566 2523 640 2563 che
658 2524 727 2562 noi
742 2524 932 2563 violiamo
958 2524 998 2562 Ia
1023 2524 1110 2563 loro
1132 2536 1277 2562 serena
1299 2523 1466 2563 idealita
1491 2524 1565 2568 (VI
1585 2526 1661 2570 70),

71 2581 193 2622 Ἀρ
203 2573 241 2613 ci
269 2572 466 2612 succlamo
499 2572 607 2619 degli
634 2571 832 2611 incomodi
858 2571 1041 2619 padroni.
1074 2571 1223 2618 Quindi
1250 2572 1280 2610 il
1307 2573 1475 2618 bisogno
1503 2572 1544 2610 di
1568 2572 1662 2610 riaf-

96 2624 109 2659 ἲ
301 2634 324 2660 e
356 2620 475 2660 l'alte
507 2622 702 2660 terminus
725 2621 896 2659 haerens
932 2620 1035 2659 colla
1068 2620 1240 2659 formola
1266 2621 1341 2667 (89,
1368 2622 1430 2666 90)
1455 2620 1527 2666 piu
1552 2620 1663 2659 volte

148 2667 332 2722 ιίῃοῐιιῒα
355 2670 408 2716 (v.
433 2669 456 2708 Ι
481 2670 528 2708 76
553 2670 627 2714 77).

84 2749 89 2755 .
245 2716 405 2757 91-109.
429 2717 524 2756 Tesi
550 2717 657 2756 della
681 2716 703 2755 Ι
730 2716 910 2756 Sezione.
937 2717 955 2736 “
975 2717 1009 2755 E
1030 2715 1230 2755 anzitutto
1256 2717 1373 2763 senti,
1391 2716 1566 2764 dunque,
1582 2729 1664 2755 una

87 2792 89 2794 v
153 2774 246 2812 oona·
269 2764 344 2806 che
370 2765 402 2807 ti
426 2764 550 2813 parra
579 2764 834 2805 incredibile:
869 2770 1012 2811 questa
1045 2766 1239 2824 immensa
1270 2765 1374 2821 mole
1407 2764 1472 2804 del
1506 2766 1666 2812 mondo,

82 2822 98 2833 ·’
153 2813 239 2857 eod
261 2813 340 2855 bon
364 2817 619 2861 congegnata
643 2813 750 2852 nelle
776 2826 848 2852 sue
873 2814 994 2860 parti,
1019 2825 1140 2852 verra
1165 2826 1222 2852 un
1247 2813 1390 2860 giorno
1416 2813 1490 2853 che
1513 2813 1666 2853 morra:
