1872 3002
327 204 415 251 274
738 201 824 248 DE
855 200 1087 248 RERUM
1117 200 1395 249 NATURA

359 301 575 356 perpetuo
607 295 826 355 quoniam
857 296 1079 343 sentimus
1112 300 1156 343 et
1187 295 1342 343 omnia
1374 311 1551 356 semper

259 383 329 421 935
362 378 543 409 eernere
575 361 758 409 odorari
787 360 895 408 lieet
927 364 971 408 et
1002 361 1174 408 sentire
1207 376 1384 408 sonare.
1566 418 1571 423 ,

419 428 465 475 Ν
469 443 557 474 une
589 427 736 474 omnis
768 431 971 486 repetam
1004 423 1143 486 quam
1174 442 1280 474 raro
1314 442 1501 486 corpore
1529 426 1626 474 sint
1656 441 1731 474 res

361 507 736 545 oommemorare3
769 491 891 551 quod
922 492 971 538 in
1002 491 1150 550 primo
1184 507 1363 551 quoque
1397 490 1602 539 carmine
1633 490 1788 539 claret.

362 558 530 617 quippe
561 557 747 616 etenim,
780 573 1060 616 quamquam
1093 557 1262 604 multas
1292 556 1377 604 hoe
1410 555 1607 615 pertinet
1638 555 1699 606 ad
1730 572 1801 604 res

360 639 561 681 nosoere,
595 639 699 670 oum
732 622 892 682 primis
924 622 1044 669 hane
1075 622 1134 669 ad
1166 638 1263 669 rem
1297 621 1506 681 protinus
1537 621 1700 682 ipsam,

260 708 330 745 940
362 705 453 748 qua
485 689 539 735 de
571 688 792 736 disserere
825 687 1084 746 adgredior,
1118 687 1302 734 firmare
1333 690 1560 735 necessest

361 754 427 801 nil
459 771 556 801 esse
587 754 636 800 in
670 757 882 812 promptu
914 753 1005 799 nisi
1036 753 1237 799 mixtum
1270 768 1433 811 eorpus
1464 751 1607 800 inani.

360 819 586 878 prinoipio
618 819 669 866 fit
699 823 752 866 ut
783 819 831 865 in
864 817 1094 877 speluncis
1127 833 1242 865 saxa
1274 833 1468 876 superne

361 884 525 932 sudent
556 900 715 931 umore
748 889 792 931 et
823 884 971 943 guttis
1003 883 1291 931 manantibu’
1326 883 1515 931 stillent.

363 955 520 997 manat
552 950 665 1010 item
694 949 826 997 nobis
857 965 880 995 e
914 954 1008 996 toto
1042 964 1228 1007 corpore
1260 948 1412 1002 sudor,
1606 998 1611 1005 ,

262 1030 332 1068 045
365 1015 528 1063 erescit
559 1015 716 1072 barba,
751 1014 923 1074 pilique
955 1030 1035 1074 per
1067 1013 1222 1061 omnia
1254 1014 1474 1072 membra,
1508 1029 1588 1073 per
1618 1017 1762 1062 artus.

364 1080 539 1127 diditur
570 1080 619 1127 in
650 1096 791 1127 venas
825 1079 954 1127 cibus
985 1079 1147 1136 omnis,
1181 1084 1321 1137 auget
1352 1078 1527 1138 alitque

364 1145 566 1205 eorporis
597 1149 828 1193 extremas
860 1160 1040 1203 quoque
1072 1143 1218 1203 partis
1251 1143 1630 1203 unguieulosque.

365 1212 514 1271 frigus
545 1212 654 1259 item
686 1211 887 1259 transire
919 1227 998 1269 per
1031 1227 1106 1258 aes
1138 1210 1429 1270 calidumque
1461 1225 1680 1270 vaporem

365 1278 600 1335 sentimus,
634 1277 856 1325 sentimus
888 1276 1000 1323 item
1032 1275 1230 1323 transire
1263 1291 1343 1333 per
1373 1291 1538 1322 aurum

264 1356 334 1394 950
366 1347 503 1402 atque
536 1359 614 1402 per
645 1346 904 1401 argentum,
939 1357 1041 1388 eum
1075 1340 1238 1400 poeula
1270 1340 1406 1400 plena
1436 1345 1656 1388 tenemus.

366 1408 562 1467 denique
593 1424 675 1467 per
706 1407 907 1466 dissepta
939 1406 1179 1454 domorum
1211 1422 1351 1454 saxea
1382 1421 1518 1454 voces

367 1473 656 1533 pervolitant,
691 1477 931 1532 permanat
963 1472 1074 1519 odor
1105 1471 1346 1530 frigusque
1377 1486 1610 1531 vaposque

365 1539 502 1600 igniS‚
536 1539 615 1600 qui
647 1538 758 1586 ferri
791 1553 971 1599 quoque
1007 1537 1097 1585 vim
1131 1541 1371 1597 penetrare
1403 1535 1565 1584 suevit.

432 1800 609 1838 936-958.
636 1800 766 1838 Prove
793 1798 897 1837 della
931 1797 1105 1843 porosita
1140 1797 1204 1836 dei
1239 1796 1359 1843 corpi.
1394 1796 1485 1835 Una
1518 1796 1701 1834 variante
1737 1794 1778 1833 di
1803 1795 1823 1831 Ι

338 1850 507 1890 347-355,
533 1848 602 1887 cfr.
622 1848 642 1885 I
659 1849 729 1886 489
747 1859 829 1893 sgg.
841 1846 1144 1891 ,ooll’aggiunta
1169 1845 1255 1891 (954
1272 1845 1372 1890 sgg.)
1389 1843 1428 1881 di
1445 1855 1526 1882 una
1545 1854 1678 1882 nuova
1699 1854 1824 1889 prova

338 1910 360 1935 o
388 1896 476 1943 due,
503 1896 706 1942 suggerite
734 1894 783 1932 da
821 1893 1020 1940 questioni
1052 1896 1205 1932 toceate
1243 1892 1293 1930 da
1323 1891 1474 1930 ultimo.
1598 1911 1636 1916 —
1666 1890 1740 1928 986
1767 1903 1824 1936 sg.

338 1949 509 1991 repetam
535 1955 843 1987 commemorare,
869 1941 1057 1980 coll’idea
1083 1940 1145 1979 del
1178 1940 1329 1978 ritorno
1356 1951 1534 1985 espresso
1561 1939 1603 1976 in
1627 1937 1823 1976 ambed-ue

337 1993 375 2030 le
396 1991 545 2038 parole,
572 2003 680 2029 corne
706 1990 747 2027 in
774 1994 946 2036 repetam
972 1993 1146 2027 reteoeere
1170 1989 1191 2025 I
1215 1989 1296 2026 418.
1322 1986 1403 2025 Ofr.
1424 1987 1453 2024 il
1470 1985 1747 2026 comunissimo
1763 1998 1835 2024 re-.

332 2044 463 2087 petere
487 2041 737 2083 memoriam;
763 2049 836 2075 eon
863 2037 934 2075 ohe
961 2049 1039 2074 non
1066 2036 1198 2081 voglio
1225 2034 1309 2073 dire
1335 2035 1408 2072 ehe
1434 2045 1731 2072 commemorare
1764 2032 1824 2071 sia

339 2088 408 2133 qui
432 2100 486 2124 un
511 2086 581 2124 inf.
602 2090 717 2123 usato
736 2097 845 2123 come
867 2084 1087 2122 sostantivo
1113 2085 1239 2127 (come
1259 2083 1378 2120 vuole
1397 2081 1425 2119 il
1442 2081 1620 2127 Munro);
1645 2080 1683 2119 io
1700 2092 1823 2128 penso

338 2135 530 2180 piuttosto
558 2134 629 2171 ohe
655 2132 723 2178 qui
749 2135 921 2179 repetam
946 2144 1068 2176 regge
1094 2130 1296 2173 l’infinito‚
1322 2142 1346 2167 a
1372 2128 1446 2167 mo’
1461 2128 1501 2166 di
1525 2141 1580 2166 un
1606 2128 1825 2175 adyrediar

339 2181 376 2226 (ὲ
397 2195 468 2221 un:
487 2182 705 2228 adprediar
722 2179 918 2219 tornando
937 2178 1122 2216 indietro:
1148 2177 1164 2193 “
1182 2178 1234 2215 mi
1251 2176 1374 2215 rifaro
1391 2189 1415 2214 a
1434 2175 1634 2214 ricordare
1650 2176 1699 2222 ,,),
1715 2187 1824 2214 come

339 2229 359 2267 Ι
384 2232 455 2267 418
480 2229 652 2273 (diverso
675 2228 767 2265 Tae.
794 2227 902 2265 Ann.
924 2226 987 2264 ΙΙΙ
1013 2227 1058 2263 33
1079 2227 1313 2272 repetito...
1340 2233 1438 2272 qaae
1460 2226 1503 2262 in
1522 2223 1722 2271 publicum
1747 2226 1824 2260 sta-

341 2281 464 2315 tueret
481 2277 588 2315 domi
606 2275 845 2320 servavisse).
936 2294 972 2299 -
994 2272 1081 2310 944.
1103 2274 1204 2310 Enn.
1226 2284 1320 2310 ann.
1341 2273 1410 2310 399
1433 2275 1514 2309 tum
1535 2270 1672 2310 timido
1690 2273 1825 2308 manat

341 2338 387 2363 ex
413 2326 521 2363 onmi
553 2335 711 2370 corpore
741 2323 884 2368 sudor,·
913 2321 1012 2359 Aen.
1037 2321 1101 2358 III
1128 2321 1196 2358 175
1227 2320 1327 2358 Tum
1350 2319 1504 2365 yelidus
1529 2322 1605 2357 toto
1637 2317 1826 2356 manabat

341 2385 499 2419 corpore
531 2372 663 2410 sudor.
761 2390 805 2395 —
832 2369 915 2405 950.
951 2369 1020 2406 cfr.
1058 2368 1078 2405 I
1109 2368 1178 2405 495
1205 2379 1260 2412 sg.
1358 2386 1403 2392 —-
1430 2366 1514 2404 951.
1549 2365 1734 2412 dissepta,
1760 2360 1824 2400 ἅπ.

341 2421 417 2467 λεγ.
516 2438 558 2444 -
587 2418 673 2454 952.
700 2430 842 2464 vapor;
875 2416 1027 2455 Nonius
1054 2428 1090 2460 p.
1116 2417 1201 2453 487:
1231 2414 1247 2430 ‘⁶
1267 2426 1392 2459 vapor
1429 2418 1468 2452 et
1493 2425 1616 2458 vapos
1643 2418 1683 2450 et
1706 2412 1826 2450 timor
1868 2414 1872 2415 ⁷

342 2470 381 2505 et
407 2467 522 2505 timos
556 2468 595 2504 et
620 2465 734 2504 labor
765 2470 804 2503 et
830 2465 941 2502 labos
975 2464 1032 2501 ita
1056 2468 1149 2500 sunt
1181 2464 1226 2500 ut
1256 2462 1363 2500 color
1398 2463 1438 2499 et
1463 2460 1582 2499 eolos.
1614 2459 1826 2498 Lueretius

340 2514 505 2552 lib.VI:
545 2514 851 2560 pervolitant...
895 2511 1088 2550 odos...
1133 2521 1405 2556 vaposque
1431 2535 1465 2553 „.
1502 2506 1606 2546 Vedi
1638 2507 1765 2552 Neue,
1804 2507 1825 2544 I

341 2575 376 2607 p.
412 2560 477 2599 167
508 2573 592 2606 sgg.
620 2581 660 2585 —
688 2560 777 2598 Non
811 2557 874 2597 e’e
910 2556 1244 2600 eontraddizione‚
1278 2568 1388 2594 come
1418 2555 1534 2594 vuole
1569 2554 1598 2592 il
1634 2553 1826 2599 Feusten,

341 2613 404 2647 tra
429 2608 489 2647 cio
516 2609 587 2646 ehe
614 2607 827 2646 dell'odore
853 2605 874 2644 ὸ
902 2606 1011 2644 detto
1037 2605 1105 2650 qui
1131 2617 1151 2642 e
1175 2604 1235 2642 IV
1261 2605 1341 2642 680.
1438 2622 1484 2628 --
1499 2601 1582 2639 953.
1603 2601 1732 2648 ferri,
1758 2599 1823 2639 del

341 2658 472 2695 calore
499 2657 571 2694 ehe
598 2658 822 2693 attraversa.
849 2653 1012 2699 metalli,
1036 2651 1057 2690 ὸ
1079 2651 1145 2697 gia
1167 2651 1276 2690 detto
1302 2650 1483 2696 948-95o;
1508 2647 1641 2695 percio
1666 2648 1694 2686 il
1717 2648 1827 2687 Kan-

342 2705 570 2749 nengiesser
597 2703 689 2741 vuol
715 2705 960 2747 trasportare
985 2701 1142 2739 948-950
1167 2698 1268 2744 dopo
1285 2699 1367 2744 953,
1393 2697 1507 2743 quasi
1528 2697 1600 2735 che
1617 2697 1687 2734 953
1704 2695 1825 2734 abbia
1852 2703 1854 2705 ’

342 2755 519 2797 appunto
545 2749 748 2795 suggerito
773 2749 811 2787 lo
838 2748 1099 2794 svolgimento
1125 2747 1298 2791 948-950,
1325 2758 1346 2783 e
1370 2745 1548 2790 Brieger,
1583 2743 1734 2789 iuvene,
1766 2748 1866 2783 so-l.

341 2802 472 2845 spelta
510 2810 588 2835 una
616 2798 761 2843 doppia
795 2796 1004 2835 redazione
1038 2807 1059 2832 e
1093 2793 1252 2832 seelude
1289 2793 1446 2832 948-950
1477 2795 1540 2830 tra
1566 2789 1581 2838 ΙΙ
1599 2789 1626 2838 ΙΙ.
1660 2791 1726 2829 Ma
1746 2802 1825 2828 non
1850 2797 1872 2840 ῑζ
