1872 3002
366 216 452 264 242
777 217 864 265 DE
894 216 1126 265 RERUM
1157 217 1434 267 NATURA

396 316 547 359 cetera
578 312 632 358 de
664 328 834 370 genere
866 312 952 359 hoc
983 313 1102 360 inter
1134 329 1448 374 quaecumque
1480 319 1733 374 pretantur,

295 391 365 427 830
396 378 551 424 omnia
583 393 797 436 perversa
829 374 1122 437 praepostera
1153 383 1259 426 sunt
1290 380 1482 439 ratione,

394 442 460 488 nil
491 442 595 489 ideo
629 442 846 500 quoniam
878 448 1086 491 natumst
1117 444 1165 490 in
1198 460 1386 504 corpore
1419 450 1470 492 ut
1503 445 1571 492 uti

395 524 643 566 possemus,
676 508 753 554 sed
785 509 906 567 quod
935 514 1144 556 natumst
1175 510 1222 556 id
1257 515 1464 569 procreat
1495 527 1644 558 usum.

394 589 478 619 nec
509 573 597 619 fuit
629 578 735 620 ante
767 574 924 621 videre
956 574 1189 621 oculorum
1225 575 1403 622 lumina
1435 581 1559 634 nata,
1679 585 1684 588 '
1710 585 1713 588 ’

394 654 477 684 nec
510 638 645 685 dictis
678 654 808 685 orare
841 639 968 698 prius
1001 655 1140 698 quam
1171 640 1335 699 lingua
1365 645 1576 698 creatast,

294 722 364 758 835
395 704 474 751 sed
503 704 657 769 *potius
690 704 826 764 longe
857 705 1044 764 linguae
1076 706 1324 765 praecessit
1357 706 1487 766 origo
1553 760 1557 763 .

373 784 661 828 sermonem,
695 770 929 830 multoque
962 776 1142 818 creatae
1176 776 1282 818 sunt
1315 771 1441 830 prius
1473 787 1606 825 aures

394 851 534 894 quam
565 851 703 883 sonus
736 840 805 883 ost
836 836 1036 894 auditus,
1070 841 1115 883 et
1147 837 1302 884 omnia
1334 836 1528 896 denique
1559 837 1764 890 membra

394 904 500 946 ante
531 899 669 958 fuere,
703 905 755 947 ut
786 901 960 960 opinor,
995 917 1154 949 eorum
1187 918 1326 961 quam
1359 902 1477 949 foret
1509 918 1644 950 usus:

394 965 518 1012 haud
550 965 696 1024 igitur
727 971 913 1025 potuere
945 966 1104 1014 utendi
1136 983 1339 1014 crescere
1371 983 1523 1015 causa.

294 1049 372 1085 840<
395 1035 443 1077 at
476 1036 636 1078 contra
667 1032 873 1079 conferre
905 1049 1047 1079 manu
1079 1033 1331 1080 certamina
1365 1049 1547 1092 pugnae

393 1100 438 1143 et
468 1096 671 1144 lacerare
703 1102 832 1145 artus
863 1098 1138 1157 foedareque
1171 1099 1376 1145 membra
1409 1114 1569 1146 cruore

393 1165 501 1208 ante
533 1162 620 1208 fuit
652 1163 797 1210 multo
830 1179 969 1222 quam
1001 1163 1156 1210 lucida
1187 1163 1280 1210 tela
1310 1163 1535 1222 volarent,

393 1231 437 1273 et
469 1226 634 1274 volnus
666 1227 813 1275 vitare
846 1228 972 1287 prius
1003 1233 1171 1275 natura
1204 1228 1354 1287 coegit

393 1307 532 1351 quam
565 1293 695 1340 daret
727 1293 953 1340 obiectum
990 1293 1167 1352 parmai
1197 1293 1332 1341 laeva
1363 1310 1444 1353 per
1474 1298 1640 1342 artem,

294 1375 364 1411 845
396 1357 583 1416 scilicet,
617 1363 661 1405 et
692 1359 863 1406 fessum
896 1375 1059 1418 corpus
1091 1359 1311 1406 mandare
1343 1359 1488 1419 quieti

393 1422 537 1469 multo
569 1423 806 1483 antiquius
838 1428 906 1471 est
938 1440 1077 1483 quam
1108 1423 1215 1470 lecti
1247 1423 1405 1471 mollia
1437 1429 1599 1486 strata,

393 1492 436 1534 et
468 1488 626 1536 sedare
660 1489 784 1537 sitim
818 1490 946 1548 prius
979 1494 1046 1537 est
1078 1505 1216 1548 quam
1249 1489 1413 1548 pocula
1443 1494 1620 1539 natum.

362 1681 491 1718 vitam.
566 1698 612 1705 ἡ
630 1679 718 1718 829.
736 1683 836 1718 ceter
839 1693 876 1727 a,
893 1679 999 1718 cioe
1022 1681 1116 1718 haec
1134 1685 1168 1718 et
1186 1685 1323 1725 cetera,
1342 1679 1446 1719 ossia
1464 1681 1607 1719 omnia.
1681 1700 1727 1708 --
1745 1684 1852 1721 inter

362 1740 621 1775 quaecumque
641 1732 868 1791 farciantur,
888 1740 996 1766 come
1023 1741 1136 1775 seque
1161 1731 1324 1775 yreqari
1349 1732 1421 1767 etc.
1519 1746 1566 1754 ——
1591 1741 1851 1786 quaecumque

361 1778 748 1822 interpaewetantm—
703 1801 748 1805 -—
772 1774 845 1813 “le
871 1775 1234 1831 interpretazioni„
1262 1777 1347 1820 (cfr.
1373 1778 1469 1814 nota
1490 1787 1515 1813 a
1539 1777 1635 1822 424),
1655 1789 1676 1815 e
1697 1777 1726 1815 il
1751 1790 1852 1816 com-

360 1824 560 1867 plemento
584 1824 673 1861 de(
659 1836 799 1869 Je77ere
824 1824 891 1861 hoc
917 1824 949 1860 si
975 1824 1153 1862 riferisce
1179 1837 1202 1861 a
1219 1807 1333 1862 ”tutto
1354 1835 1614 1871 quaecumque
1648 1827 1851 1872 interpret.

362 1883 470 1908 come
496 1883 520 1908 a
545 1883 599 1907 un
626 1871 858 1909 sostantivo.
954 1891 1000 1896 —-
1022 1871 1110 1909 830.
1132 1874 1264 1909 omnia
1279 1884 1378 1918 prae
1407 1875 1535 1910 ostera
1555 1875 1649 1910 sunt
1667 1885 1738 1919 per
1742 1885 1851 1910 versa

360 1920 742 1956 ratione“1ncttono
759 1918 788 1955 il
806 1919 933 1964 plima
950 1919 1005 1963 (la
1023 1920 1159 1963 causa)
1177 1920 1215 1956 al
1233 1922 1346 1965 posto
1387 1919 1421 1957 el
1438 1919 1538 1964 dopo
1544 1919 1765 1976 ·(1’effetto)‚
1780 1932 1853 1958 con

360 1965 524 2011 ragione
550 1967 776 2012 invertita„
865 1966 1213 2024 —831.q779721a777
1234 1967 1295 2004 nil
1311 1971 1448 2004 natum
1462 1971 1517 2004 est
1534 1968 1750 2014 incorpore
1767 1968 1853 2005 ideo

361 2018 405 2051 ut
431 2016 505 2051 etc.
602 2030 648 2038 -ι
674 1996 776 2050 833.”
778 2026 909 2051 77ec—
870 2029 909 2033 -
927 2026 974 2051 77⁰
978 2026 996 2051 c
1017 2027 1121 2052 emm
1145 2015 1271 2058 (come
1296 2015 1424 2052 talora
1451 2026 1522 2072 que
1547 2013 1648 2052 dove
1679 2015 1745 2052 noi
1769 2027 1853 2053 use·

361 2073 511 2098 remmo
536 2073 618 2098 una
651 2073 764 2106 cong.
791 2061 968 2103 causale,
995 2074 1032 2098 v.
1058 2064 1158 2108 803);
1198 2061 1269 2099 che
1295 2063 1381 2099 833-
1383 2063 1452 2099 839
1478 2061 1499 2099 ὲ
1524 2060 1552 2098 il
1577 2061 1753 2100 nocciolo
1788 2062 1851 2100 dcl

360 2109 676 2150 ragionamento.
774 2128 820 2134 —
853 2113 950 2147 nata
982 2121 1054 2146 con
1081 2122 1169 2147 mss.
1195 2109 1339 2147 Munro
1368 2121 1389 2147 e
1415 2109 1592 2154 B1Qieg0r
1618 2110 1851 2148 Lachmann

362 2168 383 2192 e
406 2156 586 2200 Beinays
612 2159 821 2194 accettano
849 2157 986 2194 invece
1009 2161 1146 2194 natum
1172 2156 1235 2194 del
1258 2160 1458 2194 corrector
1484 2156 1684 2202 quadrati,
1704 2156 1852 2203 perche

364 2203 380 2218 “
404 2204 567 2241 suavius
601 2206 641 2241 et
679 2204 895 2249 simplicius
916 2233 933 2251 ,‚
945 2218 954 2250 ς
989 2217 1052 2241 ma
1078 2217 1127 2241 ne
1165 2205 1302 2241 viene:
1341 2216 1410 2241 nec
1441 2205 1573 2242 videre
1602 2203 1684 2251 fuit
1713 2207 1852 2242 'natum

361 2255 451 2288 ante
486 2252 686 2290 oculorum
720 2252 892 2289 lumina:
927 2263 1008 2297 ora
1044 2250 1190 2297 perche
1223 2251 1306 2298 fuit
1339 2255 1487 2296 natum,
1511 2250 1595 2297 (gia
1621 2251 1848 2289 discutibile

360 2311 432 2343 per
457 2298 514 2342 se)
541 2311 562 2336 e
589 2311 668 2336 non
709 2303 846 2336 natum
885 2303 952 2342 est,
987 2311 1096 2336 come
1137 2298 1213 2336 due
1251 2299 1358 2336 volte
1385 2299 1451 2336 nei
1480 2298 1556 2336 due
1587 2299 1694 2337 versi
1718 2311 1853 2344 prece-

362 2345 499 2384 denti?
595 2365 642 2372 --
669 2351 759 2384 ante
785 2347 881 2385 ocul.
910 2347 1002 2384 lum.
1029 2346 1172 2384 nata“
1191 2347 1320 2391 prima
1347 2346 1452 2387 della
1477 2345 1630 2384 nascita
1657 2342 1763 2391 degli
1790 2358 1850 2390 oc-

361 2393 459 2439 chi„
572 2414 619 2419 —-
640 2393 723 2431 840.
746 2399 787 2431 at
812 2397 962 2439 contra,
983 2406 1055 2439 per
1077 2394 1154 2432 ben
1175 2394 1348 2432 rilevare
1375 2394 1414 2431 la
1435 2393 1629 2432 diversita
1655 2393 1720 2431 del
1745 2406 1848 2432 caso.

359 2441 397 2478 A
423 2422 529 2478 torto
555 2441 582 2478 il
610 2441 769 2479 Vahlen
787 2424 983 2479 vorrebb'c
1010 2442 1101 2478 unir
1128 2446 1266 2479 contra
1291 2454 1315 2479 a
1342 2439 1522 2489 conferre
1547 2443 1599 2485 (v.
1615 2441 1784 2486 Brieger
1809 2441 1848 2478 in

361 2489 554 2534 Bu737',a77
583 2489 699 2533 1881).
743 2505 746 2507 Α
796 2508 843 2514 —
869 2489 1118 2544 conferrem
1143 2493 1233 2526 ce7t.
1256 2501 1439 2544 qucquam
1463 2488 1760 2535 l’abbondanza
1786 2488 1848 2525 lu-

362 2535 546 2573 creziana
596 2535 617 2573 ὸ
655 2536 885 2574 distribuita
922 2537 961 2573 in
1002 2536 1078 2574 due
1114 2536 1335 2574 imitazioni
1369 2517 1593 2582 virgiliane,
1625 2530 1746 2574 citate
1783 2535 1848 2573 dal

358 2583 602 2629 Lachmann,
620 2584 719 2621 Aen.
739 2583 818 2622 VII
836 2586 916 2628 604,
939 2584 1049 2621 Getis
1066 2583 1360 2630 ίηΐεννεηιανιιι
1383 2566 1630 2628 lacrimabile
1650 2583 1803 2626 bellum,
1826 2595 1848 2620 e

358 2630 399 2667 X
423 2632 490 2668 146
511 2633 617 2668 inte7
635 2642 716 2668 sese
738 2632 836 2668 duri
855 2634 1073 2669 certamina
1097 2631 1192 2668 belli
1209 2631 1463 2669 contulerent.
1551 2650 1596 2656 —-
1612 2629 1700 2668 844.
1721 2630 1847 2685 Costr.

357 2683 476 2723 ‘quam
503 2678 614 2715 laeva
640 2679 753 2716 daret
765 2691 840 2725 pm
861 2683 985 2716 a7te777
1007 2679 1194 2716 obiectum
1219 2680 1383 2724 parmai
1408 2677 1573 2724 “prima
1595 2677 1668 2716 che
1693 2677 1733 2715 la
1755 2677 1847 2714 sini-

358 2729 442 2762 stra
478 2737 698 2770 opponesse
731 2726 768 2763 lo
807 2726 941 2772 scudo,
968 2729 1127 2764 trovato
1153 2725 1246 2762 dall'
1258 2728 1382 2771 arte„
1495 2745 1542 2751 ·-
1569 2724 1658 2763 845.
1685 2725 1845 2770 sedicet

361 2771 491 2809 “G-ia!
518 2774 665 2811 sicuro!
686 2803 701 2818 „
730 2786 906 2811 accenna
932 2774 971 2810 ai
999 2774 1110 2811 molti
1134 2773 1228 2810 altri
1262 2773 1422 2819 esempi,
1449 2785 1529 2811 uno
1561 2772 1631 2818 pia
1657 2754 1849 2821 evidente
1869 2820 1872 2821 ⁷

358 2818 448 2857 dell'
451 2818 570 2867 'altro
598 2821 635 2858 di
662 2834 751 2858 cose
778 2821 849 2858 che
876 2822 907 2859 si
933 2822 1055 2858 fanno
1083 2833 1154 2858 con
1181 2832 1260 2858 uno
1287 2831 1416 2867 scopo,
1442 2832 1506 2857 ma
1527 2819 1686 2865 quando
1702 2814 1846 2873 questo
