1872 3002
341 135 429 183 230
763 134 849 184 DE
879 132 1112 185 RERUM
1141 133 1420 187 NATURA

370 231 610 291 principiis
642 247 781 290 quam
813 247 919 289 vox,
953 231 1168 290 quoniam
1203 248 1283 291 per
1315 248 1456 280 saxea
1487 238 1646 294 saepta
1860 235 1872 284 ι’

367 313 460 344 non
492 301 714 356 penetrat,
748 312 839 355 qua
870 312 963 343 vox
993 296 1131 355 volgo
1163 297 1430 358 sonitusque
1461 299 1688 348 feruntur.
1867 314 1869 317 ’

369 377 509 420 quare
542 361 681 408 etiam
714 360 835 420 quod
866 361 956 408 olet
987 377 1080 409 non
1111 366 1208 409 tam
1238 362 1374 410 facile
1406 366 1501 412 eese
1532 363 1710 412 videbis

270 443 337 479 τοο
369 426 651 485 investigare
682 426 732 473 in
765 442 856 485 qua
887 426 947 474 sit
979 427 1165 486 regione
1196 427 1424 476 locatum:

367 493 628 550 refrigescit
660 491 782 539 enim
815 492 1074 540 cunctando
1106 492 1246 552 plaga
1279 509 1357 552 per
1389 510 1526 543 auras
1856 506 1872 565 g

369 574 453 605 nec
486 558 636 605 calida
667 557 727 604 ad
759 573 943 605 sensum
976 558 1180 606 decurrit
1211 558 1378 607 nuntia
1408 576 1577 608 rerum.
1841 566 1872 644 ς’·

271 634 337 670 703
371 628 528 671 errant
560 639 695 683 saepe
728 639 864 671 canes
895 623 1051 684 itaque
1082 629 1127 671 et
1159 624 1360 683 vestigia
1391 630 1635 685 quaerunt.

269 700 337 736 720
427 689 564 735 Nunc
596 705 696 748 age,
731 705 847 748 quae
874 694 1089 737 moveant
1116 689 1323 737 animum
1345 705 1417 738 res
1439 691 1612 751 accipe.
1642 696 1689 740 et
1713 691 1834 741 unde

367 771 484 814 quae
517 754 708 802 veniunt
739 754 929 802 veniant
959 755 1008 802 in
1040 759 1238 802 mentem
1269 755 1452 815 percipe
1483 755 1665 815 paucis.¹

366 819 593 879 principio
625 819 710 867 hoc
742 819 857 879 dico,
890 834 1044 867 rerum
1077 820 1324 868 simulacra
1356 821 1523 880 vagari

1859 646 1872 672 ἰ’

1859 676 1872 707 2⁴³

1856 710 1872 751 ξ

1864 763 1872 787 ξ

1864 796 1872 815 1

1862 830 1872 862 ἕ

1860 873 1872 899 {4

504 941 617 947 m„-
1590 938 1594 940 ψ
1854 899 1872 957 {l

1854 962 1872 995 ζ]

337 1027 528 1057 saccea...
548 1021 762 1064 permanat
790 1015 896 1055 odor.
998 1036 1037 1043 -—
1067 1017 1159 1055 699.
1186 1031 1308 1065 quare
1335 1021 1454 1058 etiam
1481 1018 1498 1036 ¹⁴
1518 1031 1590 1066 per
1614 1020 1646 1059 il
1671 1019 1744 1060 che
1764 1034 1832 1060 an·
1862 1026 1872 1061 ‘i

337 1067 409 1104 che
431 1096 446 1111 „
475 1064 571 1111 cioe,
597 1077 676 1103 non
702 1065 847 1110 perche
874 1063 1023 1103 l'odore
1049 1065 1108 1103 sia
1134 1066 1236 1104 fatto
1265 1067 1304 1104 di
1330 1068 1453 1106 atomi
1483 1067 1555 1113 piu
1580 1068 1735 1114 grandi,
1768 1083 1832 1109 ma
1856 1074 1872 1124 g*

335 1126 407 1159 per
432 1114 472 1150 la
498 1126 570 1150 sua
595 1113 788 1158 lentezza,
822 1112 894 1150 che
921 1113 960 1150 la
987 1113 1210 1158 grandezza
1245 1114 1284 1151 di
1318 1116 1440 1153 atomi
1474 1127 1660 1155 coneorre
1692 1129 1717 1155 a
1745 1114 1872 1173 pro-1}

336 1161 468 1199 durre.
494 1161 529 1198 Il
548 1173 669 1207 quare
691 1173 770 1198 non
792 1161 824 1197 si
845 1160 1022 1198 riferisce
1049 1173 1072 1197 a
1098 1161 1158 1198 cio
1180 1161 1252 1199 che
1270 1162 1439 1207 precede
1460 1163 1834 1210 immediatamente‚
1857 1169 1872 1216 j

336 1222 399 1246 ma
425 1221 448 1246 a
467 1211 571 1246 tutto
589 1208 618 1245 il
635 1212 815 1246 concetto
833 1207 1084 1254 precedente,
1110 1209 1149 1245 la
1167 1209 1358 1247 lentezza.
1385 1210 1464 1248 Per
1487 1213 1629 1256 questa
1653 1211 1872 1253 lentezza

334 1257 363 1293 il
389 1257 501 1301 colpo
529 1256 684 1302 (playa)
710 1255 816 1301 degli
842 1255 953 1293 odori
979 1268 1025 1293 su
1050 1256 1089 1293 di
1112 1257 1178 1294 noi
1205 1256 1226 1294 ὲ
1252 1260 1448 1296 smorzato
1473 1270 1494 1296 e
1522 1257 1674 1306 debole,
1699 1260 1829 1299 sie‘ohe
1851 1226 1872 1315 Ξ

334 1305 401 1342 noi
426 1316 505 1342 non
531 1304 727 1348 possiamo
760 1303 981 1348 distinguer
1014 1304 1116 1341 bene
1151 1303 1190 1341 di
1216 1304 1315 1343 dove
1341 1317 1483 1351 venga.
1508 1306 1831 1347 L’osservazione

335 1351 357 1389 ὸ
383 1351 464 1389 fina
491 1364 511 1389 e
538 1364 646 1391 vera.
770 1371 815 1375 —
844 1352 928 1388 700.
958 1354 1206 1397 investiyare,
1231 1353 1352 1391 molto
1377 1353 1634 1399 appropriato
1661 1355 1726 1400 pel
1751 1368 1834 1394 cer·
1857 1315 1872 1402 Ξ

335 1411 425 1437 care
444 1399 504 1437 col
520 1400 630 1445 fiuto,
651 1410 759 1436 come
779 1399 956 1444 sogliono
979 1400 989 1436 i
1008 1400 1108 1437 cani.
1181 1419 1227 1425 —-
1253 1400 1337 1436 702.
1364 1401 1509 1447 calida,
1534 1401 1680 1448 perche
1704 1403 1854 1448 prima-³

335 1460 464 1485 aveva
489 1447 597 1485 detto
623 1446 862 1494 refriqescit.
895 1467 940 1473 —
970 1448 1106 1492 Leggo
1133 1448 1311 1485 decurrit
1334 1448 1376 1486 in
1401 1448 1520 1494 luogo
1547 1448 1587 1486 di
1603 1449 1831 1496 decurrunt,
1859 1491 1862 1496 ,

335 1495 396 1532 col
426 1507 534 1540 segg.
566 1495 697 1540 playa.
729 1494 868 1531 Infatti
906 1507 978 1532 con
1017 1496 1233 1532 decurrunt
1269 1495 1299 1532 il
1335 1508 1444 1542 sogg.
1477 1497 1648 1536 sarebbe
1685 1498 1714 1536 il
1738 1502 1862 1545 sesti*

333 1545 477 1580 neutro
502 1544 647 1580 nuntia
658 1555 670 1585 ,·
703 1555 766 1579 ma
799 1542 863 1580 chi
901 1554 923 1580 o
955 1542 1027 1579 che
1061 1554 1157 1580 sono
1192 1542 1322 1588 questi
1353 1543 1529 1582 nuntia?
1565 1544 1648 1583 solo
1685 1547 1832 1586 nunzio

334 1590 440 1628 della
458 1589 654 1627 direzione
669 1589 859 1634 d’origine
878 1589 899 1627 e
921 1590 948 1626 il
966 1590 1090 1636 como,
1101 1590 1238 1636 playa.
1255 1591 1328 1628 Poi
1345 1604 1416 1637 per
1434 1594 1619 1630 nuntium
1636 1604 1660 1631 ο
1675 1597 1832 1640 nuntia,
1850 1594 1869 1613 '³

333 1642 488 1679 neutro,
526 1650 605 1675 non
627 1641 757 1679 *trovo
794 1638 866 1675 che
892 1638 1042 1682 esempi
1075 1650 1183 1675 come
1219 1639 1330 1677 1032:
1367 1639 1656 1679 simulacra...
1682 1644 1828 1680 nuntia
1851 1651 1858 1685 ζ.

332 1686 539 1732 praeclari
554 1685 708 1731 vultus;
734 1685 792 1722 VI
815 1686 858 1722 76
875 1686 1092 1723 simulacra
1105 1713 1113 1721 .
1129 1715 1137 1722 .
1154 1715 1162 1723 .
1190 1686 1350 1723 divinae
1375 1689 1522 1725 nuntia
1546 1686 1703 1734 formae
1719 1702 1728 1711 ·
1754 1689 1828 1728 Ov.
1848 1690 1865 1726 ἒ

334 1734 452 1771 verba
485 1735 630 1771 nuntia
665 1735 793 1770 animi
827 1735 905 1770 mei
914 1746 929 1778 ,·
962 1733 1053 1770 Tac.
1088 1733 1274 1787 pro-diqi‘a
1311 1736 1601 1773 imminentium
1637 1717 1831 1775 majorum
1862 1762 1863 1766 =

333 1783 490 1827 nuntia,
516 1781 606 1818 vale
631 1793 655 1818 a
681 1781 764 1818 dire
790 1792 944 1825 sempre
966 1781 1005 1817 in
1032 1781 1283 1831 apposmione
1309 1795 1332 1818 a
1354 1795 1408 1819 un
1433 1794 1547 1820 nome
1572 1786 1727 1830 neutro,
1757 1791 1862 1823 cont·

334 1829 398 1866 cui
422 1827 622 1866 s’accorda
648 1841 672 1865 a
697 1828 771 1866 mo’
786 1827 825 1864 di
850 1829 1067 1873 aggettivo.
1093 1828 1126 1864 Ε
1147 1828 1275 1866 Nonio
1300 1842 1336 1874 p.
1355 1830 1446 1868 215:
1471 1833 1667 1868 nuncius:
1691 1836 1864 1871 ηιειι15ν<)’Τ

335 1878 442 1923 apud
467 1877 621 1923 aliquos
653 1888 732 1914 nou
765 1880 937 1922 receptae
975 1877 1228 1913 auctoritatis
1262 1876 1400 1914 lectum
1438 1882 1504 1923 est,
1535 1878 1603 1916 sed
1634 1879 1774 1925 doctos,
1808 1884 1866 1922 epi

332 1925 523 1962 Lucrezio
549 1936 628 1961 non
654 1923 675 1960 e
702 1926 809 1961 certo
836 1935 1037 1968 compreso
1070 1925 1134 1960 tra
1158 1923 1214 1968 gli
1240 1924 1412 1963 scrittori
1437 1937 1516 1963 non
1542 1930 1716 1974 receptae
1741 1937 1867 1970 αμα-ζ

335 1974 522 2010 toritatis.
561 1972 609 2008 In
636 1976 743 2009 terzo
770 1971 901 2017 luogo,
928 1971 1060 2008 calida
1086 1970 1107 2008 ὲ
1135 1970 1455 2010 evidentemente
1488 1975 1769 2019 contrapposto
1805 1972 1863 2013 αἳ

332 2019 586 2066 refriyescit;
617 2031 658 2056 se
686 2018 706 2056 ὲ
729 2019 851 2065 playa
883 2018 1217 2065 cherefriyeseit,
1253 2018 1344 2057 sara
1375 2020 1589 2066 parimenti
1606 2021 1732 2069 playa
1757 2021 1867 2073 eheg

332 2068 460 2112 prima
487 2079 555 2104 era
583 2067 728 2104 calida.

429 2115 596 2199 720-8Ι19.
627 2114 730 2152 Vedi
755 2114 783 2151 il
810 2115 1030 2152 commento
1063 2114 1253 2159 generale
1287 2127 1311 2152 a
1343 2115 1474 2161 questi
1506 2115 1611 2155 versi
1643 2115 1831 2156 nell’Ex-

334 2175 472 2200 cursus
498 2163 517 2199 I
543 2191 551 2199 .

430 2209 515 2247 720.
541 2222 640 2256 quae
664 2214 842 2248 moveant
874 2211 1064 2255 animum,
1099 2208 1203 2248 cioe:
1239 2209 1542 2258 direttamente;
1576 2215 1780 2258 eontrapp.

338 2270 437 2303 quae
468 2262 619 2295 movent
650 2258 791 2300 oculos,
823 2270 953 2301 aures,
987 2260 1061 2294 etc.
1095 2257 1307 2303 Sappiamo
1343 2258 1415 2296 che
1447 2271 1519 2304 per
1550 2259 1723 2304 Epicuro
1748 2259 1857 2298 non?

336 2304 496 2342 l⁷anima
523 2305 621 2342 vede
648 2318 718 2350 per
744 2317 877 2343 mezzo
905 2304 1012 2350 degli
1039 2305 1162 2347 occhi,
1190 2318 1253 2342 ma
1279 2305 1335 2350 gli
1360 2306 1473 2344 occhi
1497 2305 1664 2353 vedono,
1699 2319 1720 2345 e
1751 2306 1862 2357 1ἀχζ

334 2354 477 2397 nimus,
504 2365 575 2397 per
599 2352 774 2390 l’intima
799 2366 871 2390 sua
896 2353 1042 2389 unione
1070 2352 1306 2390 coll’auima
1331 2355 1438 2392 tutta
1471 2367 1504 2400 e,
1535 2366 1606 2400 per
1633 2367 1732 2401 essa,
1767 2353 1852 2393 col*

335 2411 466 2445 corpo,
492 2399 545 2437 ha
571 2401 720 2437 notizia
746 2400 851 2438 della
878 2399 1114 2438 sensazione
1142 2400 1248 2445 degli
1268 2401 1392 2439 occhi,
1486 2420 1532 2427 —
1560 2402 1640 2440 722.
1661 2414 1718 2448 sg.
1748 2402 1846 2446 Ofr..;

334 2446 411 2484 Cic.
432 2448 485 2485 ad
508 2447 606 2494 fam.
628 2447 705 2485 XV
734 2449 789 2494 16,
817 2447 1026 2486 scrivendo
1053 2460 1077 2484 a
1103 2447 1260 2486 Cassio:
1292 2448 1337 2495 fit
1371 2451 1475 2487 enim
1507 2451 1638 2488 nescio
1671 2451 1751 2496 qui,
1784 2454 1859 2497 utj

334 2497 452 2541 quasi
486 2507 618 2533 coram
644 2496 777 2533 adesse
815 2497 984 2538 videare,
1012 2507 1097 2532 eum
1123 2495 1253 2534 scribo
1279 2496 1437 2542 aliquid
1461 2497 1515 2534 ad
1540 2501 1596 2543 te;
1629 2509 1751 2544 neque
1784 2497 1857 2547 id5

332 2543 412 2577 κατ’
426 2538 587 2578 εἰδώλων
613 2546 815 2588 φαντασίας
840 2548 884 2581 ut
910 2544 1046 2580 dicunt
1074 2545 1136 2580 tui
1160 2545 1284 2580 amici
1315 2546 1410 2581 novi
1442 2546 1514 2590 qui
1530 2548 1676 2591 putant
1709 2547 1827 2583 etiam
1839 2572 1845 2590 ,

333 2586 564 2637 διανοητικᾶς
591 2593 793 2635 φαντασίας
817 2592 981 2637 spectris
1002 2590 1187 2628 Catianis
1211 2592 1392 2628 excitari.
1420 2591 1539 2635 Nam,
1566 2596 1600 2629 te
1617 2603 1666 2629 ne
1682 2591 1845 2640 samaa-ss

336 2637 475 2675 Catius
501 2639 671 2676 Insuber
697 2641 911 2685 epicureus,
939 2640 1010 2684 qui
1033 2650 1161 2683 nuper
1187 2642 1243 2675 est
1267 2643 1458 2685 mortuus,
1494 2646 1594 2685 quae
1619 2639 1689 2677 ille
1723 2639 1846 2680 Gar-5·

331 2688 476 2731 yettius
503 2690 537 2722 et
563 2688 645 2723 iam
671 2691 762 2723 aute
789 2687 1040 2724 Democritus
1065 2686 1200 2720 εἴδωλα
1218 2686 1281 2723 hie
1298 2690 1452 2732 spectra
1472 2688 1663 2724 nominat.
1690 2716 1699 2724 .
1714 2716 1722 2725 .
1738 2688 1827 2726 ,do-³

333 2745 420 2769 aeas
447 2737 488 2771 tu
514 2746 571 2770 me
598 2734 798 2780 oportebit,
831 2747 915 2772 eum
951 2734 1085 2770 salvus
1117 2736 1281 2780 veneris,
1313 2736 1358 2771 iu
1393 2746 1527 2772 meane
1560 2738 1748 2780 potestate
1773 2725 1845 2775 siit·
