1872 3002
320 162 407 208 208
733 160 818 207 DE
850 159 1082 207 RERUM
1113 158 1400 207 NATURA*

349 255 537 302 reddere
568 253 783 301 mendose
815 269 977 300 causas
1008 253 1249 312 utriusque
1280 253 1473 311 figurae,

352 336 488 379 quam
523 319 735 366 manibus
767 317 1012 366 manifesta
1044 317 1139 366 suis
1170 318 1378 364 emittere
1410 333 1642 377 quoquam

350 391 393 432 et
425 384 598 432 violare
630 383 768 430 fidem
802 383 999 442 primam
1032 388 1078 431 et
1110 382 1365 431 convellere
1397 386 1495 430 tota

350 450 652 497 fundamenta
684 448 849 508 quibus
881 448 1072 495 nixatur
1103 448 1201 495 vita
1232 447 1457 507 salusque.

250 529 320 567 505
351 531 442 562 non
475 514 608 562 modo
640 514 763 561 enirn
795 513 912 561 ratio
944 519 1050 560 ruat
1082 513 1242 571 omnis,
1275 513 1375 560 vita
1406 528 1584 572 quoque
1614 510 1716 572 ipsa

353 580 564 628 concidat
597 579 840 638 extemplo,
873 579 963 626 nisi
996 579 1179 626 credere
1212 579 1418 627 sensibus
1450 577 1589 631 ausis,

352 644 704 704 praecipitisque
736 644 857 692 locos
890 644 1040 691 vitare
1072 649 1116 691 et
1149 648 1301 691 cetera
1333 659 1450 703 quae
1482 642 1576 690 sint

252 720 322 757 508
353 711 401 757 in
433 726 600 769 genere
632 709 718 757 hoc
750 709 986 768 fugienda,
1020 709 1149 769 sequi
1182 708 1415 757 contraria
1446 723 1564 768 quae
1596 707 1704 757 sint.

252 787 319 824 511
354 775 548 834 denique
579 780 630 822 ut
662 775 710 822 in
741 775 932 833 fabrica,
966 774 1005 822 si
1038 779 1227 833 pravast
1261 773 1422 832 regula
1454 772 1619 832 prima,
1649 781 1651 785 ’

353 856 605 899 normaque
638 840 677 887 si
709 840 854 887 fallax
885 840 1022 887 rectis
1054 840 1321 898 regionibus
1353 839 1462 898 exit,

354 912 398 953 et
428 906 587 953 libella
617 906 774 965 aliqua
805 906 845 953 si
876 922 933 952 ex
967 905 1088 964 parti
1120 905 1351 952 claudicat
1382 903 1546 962 hilum,

355 973 509 1019 omnia
542 971 754 1019 mendose
786 971 885 1018 fieri
918 976 1055 1030 atque
1088 970 1267 1029 obstipa
1298 985 1480 1017 necesse
1511 973 1580 1016 est

256 1050 325 1087 515
359 1053 504 1096 prava
536 1037 754 1083 cubantia
787 1052 931 1096 prona
963 1035 1128 1095 supina
1159 1040 1298 1095 atque
1330 1035 1503 1082 absona
1532 1037 1668 1089 tecta,

355 1103 448 1148 iam
481 1118 613 1148 ruere
644 1107 694 1148 ut
725 1101 949 1160 quaedam
984 1100 1232 1147 videantur
1263 1099 1392 1157 velle,
1427 1102 1655 1158 ruantque

356 1167 537 1226 prodita
569 1167 753 1214 iudiciis
785 1166 1043 1214 fallacibus⁴
1063 1165 1218 1212 omnia
1250 1164 1425 1224 primis,

357 1233 423 1279 sic
455 1232 600 1290 igitur
631 1232 750 1279 ratio
783 1231 867 1279 tibi
899 1247 1050 1278 rerum
1086 1246 1231 1290 prava
1261 1234 1486 1278 necessest

326 1442 363 1474 p.
381 1429 464 1465 249.
561 1447 602 1451 —-
630 1426 713 1464 502.
740 1427 847 1465 Nota
872 1428 1068 1470 manibus,
1087 1425 1303 1472 manifesta
1317 1440 1332 1472 ;
1355 1425 1595 1473 manifestus
1619 1424 1818 1471 significa:

328 1480 482 1514 toceato
510 1487 583 1513 eon
610 1487 738 1512 mano.
754 1495 796 1499 -—
819 1474 1030 1520 “Anziehe‚
1055 1487 1126 1520 per
1154 1486 1231 1512 non
1258 1476 1459 1512 aceettare
1483 1474 1525 1511 in
1550 1486 1606 1511 un
1631 1485 1722 1511 caso
1742 1485 1824 1511 una

328 1523 581 1570 spiegaziono
608 1522 774 1568 ineerta,
802 1525 1033 1560 mantenero
1059 1523 1100 1559 in
1127 1526 1267 1567 questo
1294 1534 1384 1559 caso
1420 1541 1461 1547 —
1496 1533 1518 1559 e
1547 1519 1684 1566 quindi
1711 1533 1822 1559 come

328 1570 521 1617 principio
547 1593 594 1597 ——
620 1570 648 1606 il
676 1569 823 1608 dubbio
851 1570 954 1608 sulla
980 1569 1159 1607 veracita
1185 1569 1248 1607 dei
1273 1569 1390 1615 sensi,
1417 1582 1438 1607 e
1463 1568 1631 1615 perdere
1663 1580 1738 1606 eon
1763 1568 1822 1606 cib

330 1620 357 1656 ii
383 1620 510 1656 frutto
537 1618 662 1655 anche
690 1617 792 1655 delle
818 1618 939 1655 molte
971 1617 1216 1663 spiegazioni
1247 1617 1395 1663 sicure3
1431 1629 1451 1654 e
1485 1615 1708 1654 serollando
1742 1616 1823 1654 cosi

328 1667 368 1704 la
393 1666 520 1711 prima
547 1666 641 1703 base
668 1665 805 1710 d'ogni
833 1666 1046 1711 sicurezza,
1072 1665 1205 1710 d’ogni
1232 1676 1487 1711 conoscenza,
1521 1663 1671 1702 minare
1697 1663 1823 1702 anche

329 1715 357 1751 il
384 1713 641 1752 fondamento
674 1712 779 1750 della
805 1712 889 1751 vita
924 1726 944 1750 e
972 1713 1078 1750 della
1112 1715 1248 1750 nostra
1283 1712 1475 1750 salvezza.
1497 1738 1513 1756 ,,
1636 1730 1680 1736 -
1718 1714 1825 1750 emit-

331 1767 408 1799 tere
435 1773 628 1807 quoquam
660 1759 675 1775 “
696 1760 840 1798 lasciar
867 1760 1018 1798 andare
1047 1759 1129 1798 alla
1162 1764 1357 1806 ventura3
1382 1759 1534 1802 ,lasciar
1566 1757 1763 1804 prendere
1798 1759 1826 1797 il

330 1809 420 1847 volo
447 1822 470 1846 a
497 1808 631 1846 destra
658 1820 678 1845 e
705 1820 731 1858 a¹
755 1809 916 1846 sinistra
936 1837 974 1855 „.
1088 1828 1129 1832 —-
1157 1807 1242 1845 504.
1268 1810 1436 1845 nixatur
1445 1820 1462 1855 ;
1486 1807 1556 1844 cfr.
1583 1806 1646 1844 ΙΙΙ
1671 1807 1742 1844 998
1765 1806 1824 1844 VI

330 1858 411 1894 836.
438 1856 558 1901 Verg.
586 1856 687 1893 Aen.
713 1856 761 1899 V,
786 1857 867 1893 279.
971 1875 1013 1880 —
1040 1854 1124 1892 505.
1158 1855 1301 1893 Munro
1335 1857 1431 1895 nota
1466 1853 1506 1892 la
1539 1865 1758 1892 mancanza
1784 1854 1823 1891 di
1867 1862 1870 1864 ’

331 1906 397 1942 sed
431 1903 533 1950 dopo
564 1916 642 1941 non
670 1905 791 1948 modo,
822 1903 1070 1941 eostruzione
1108 1915 1188 1941 non
1222 1915 1400 1946 comune,
1430 1914 1495 1940 ma
1529 1902 1601 1940 che
1639 1902 1691 1939 ha
1725 1914 1822 1947 pure

332 1952 502 1998 ose1npi3
544 1951 710 1996 Brieger
736 1951 859 1994 (Phil.
895 1952 958 1995 32)
994 1950 1087 1988 vuol
1125 1950 1270 1989 vedere
1307 1950 1446 1988 invece
1484 1962 1539 1987 un
1589 1949 1824 1988 anacoluto:
1868 1967 1872 1975 2

331 2000 485 2045 stringi,
507 1999 660 2044 stringi,
682 1997 703 2036 e
730 1999 768 2036 la
795 2001 921 2036 stessa
948 2010 1051 2036 cosa.
1150 2018 1192 2023 -—
1211 1998 1297 2035 506.
1319 1999 1424 2035 nisi.
1440 2024 1449 2033 .
1464 2026 1472 2035 .
1499 1999 1612 2035 ausis
1638 1998 1657 2015 “
1676 2009 1718 2035 se
1745 2009 1825 2035 non

333 2047 361 2085 ti
389 2046 518 2085 decidi
538 2061 581 2092 „3
608 2059 680 2084 con
708 2059 760 2083 un
787 2046 971 2091 prosumo
998 2045 1033 2082 d'
1046 2045 1186 2083 ironia.
1212 2063 1257 2071 —
1283 2046 1396 2090 Dopo
1422 2046 1492 2083 506
1517 2043 1685 2090 Brieger
1710 2043 1753 2088 (l.
1775 2045 1824 2088 e.)

331 2095 449 2133 vuolc
484 2107 564 2131 una
601 2094 767 2140 lacuna3
795 2105 859 2130 ma
878 2095 1004 2131 vitare
1038 2105 1059 2130 e
1091 2095 1203 2140 sequi
1237 2104 1333 2130 sono
1358 2104 1459 2138 pure
1489 2104 1598 2138 sogg.
1631 2091 1671 2129 di
1701 2094 1827 2130 conci-

333 2144 424 2190 dat;
452 2143 632 2180 concidat
656 2143 751 2188 vita,
776 2142 955 2179 concidat
981 2143 1108 2178 vitare
1138 2140 1346 2195 sapienda,
1376 2142 1489 2187 sequi
1511 2151 1590 2178 non
1616 2139 1821 2186 fuyienda.
1869 2159 1872 2161 ·

334 2190 414 2228 Ofr.
441 2191 522 2227 577.
630 2209 673 2215 —-
706 2189 775 2225 511
802 2201 885 2234 sgg.
919 2188 1070 2234 ressula,
1096 2188 1123 2225 il
1149 2188 1368 2233 plombin03
1394 2199 1548 2234 norma,
1572 2187 1612 2225 la
1636 2186 1827 2233 squadra;
1864 2190 1872 2236 ζ

335 2238 480 2279 libella,
508 2237 535 2274 il
567 2235 713 2274 livello.
811 2257 852 2261 -
889 2238 1007 2274 rectis
1040 2249 1131 2282 req„
1158 2236 1262 2273 dalle
1289 2236 1420 2280 giuste
1445 2234 1561 2273 linee.
1657 2254 1705 2261 —
1729 2236 1826 2272 siff.

334 2286 545 2329 claudicat,
564 2283 671 2322 cioe:
693 2296 734 2322 se
761 2295 840 2321 non
862 2282 882 2321 e
903 2283 1213 2329 perfettamente
1231 2282 1483 2321 orizzontale.
1570 2301 1613 2308 —
1635 2280 1708 2318 514
1729 2294 1826 2327 sgg„
1868 2306 1872 2307 ν

337 2332 352 2348 “
377 2335 480 2370 tutto
507 2331 528 2369 e
555 2332 633 2369 mal
660 2332 774 2374 fatto,
810 2344 831 2369 e
857 2331 897 2368 la
930 2331 1113 2368 fabbrica
1144 2330 1268 2368 riesce
1295 2330 1497 2375 sghemba‚
1530 2329 1731 2376 dimensa,
1765 2341 1827 2367 ea.-

334 2384 482 2423 seante,
520 2383 733 2424 sporgente
766 2379 807 2416 in
840 2378 990 2422 avanti,
1029 2381 1242 2424 sporgente
1280 2377 1550 2421 all’indietro‚-
1585 2389 1705 2415 senza
1739 2377 1828 2414 sim-

336 2427 491 2471 metria,
527 2425 655 2464 sieehe
690 2427 831 2464 aleune
864 2427 969 2471 parti
1006 2427 1202 2464 minacein
1237 2425 1276 2463 di
1305 2424 1461 2470 cadere,
1488 2438 1509 2463 e
1542 2427 1650 2463 tutta
1675 2429 1827 2470 quanta

335 2475 400 2521 poi
425 2474 480 2518 (al
516 2473 634 2511 eader
660 2474 699 2511 di
725 2474 873 2518 quelle)
898 2473 1011 2520 cada,
1034 2474 1099 2519 pel
1125 2473 1364 2511 tradimento
1398 2472 1501 2510 delle
1532 2473 1657 2519 prime
1682 2473 1827 2510 misure

336 2522 532 2567 sbagliate
566 2523 691 2567 (sogg.
725 2521 763 2558 di
792 2526 916 2559 ruant
948 2520 969 2559 ὲ
1004 2523 1148 2567 omnia,
1185 2533 1264 2559 non
1300 2520 1493 2567 quaedam
1525 2532 1685 2567 ancora,
1719 2531 1828 2558 come

335 2569 498 2608 intende
531 2570 696 2615 Munr03
731 2581 752 2606 e
784 2569 936 2606 iudicia
970 2568 1142 2616 fallacia
1174 2580 1270 2607 sono
1303 2569 1345 2606 in
1371 2566 1500 2606 realta
1533 2567 1590 2614 gli
1617 2567 1828 2606 strumenti
1862 2589 1872 2594 ›>

338 2617 538 2662 sbagliati,
564 2617 636 2654 che
663 2617 715 2654 ha
741 2616 943 2654 nominato
969 2617 1104 2662 sopra)
1125 2645 1156 2663 „.
1257 2635 1304 2640 —
1329 2615 1414 2652 518.
1441 2617 1548 2654 ratio
1574 2627 1710 2654 rerum
1719 2628 1736 2661 ,·
1762 2614 1779 2630 ⁴⁶
1799 2614 1829 2652 il

339 2664 487 2703 calcolo
523 2664 625 2702 delle
652 2676 740 2702 cose
761 2693 800 2709 „‚
834 2663 992 2708 quindi:
1019 2664 1058 2701 la
1084 2662 1221 2709 regola
1247 2662 1352 2701 della
1377 2662 1473 2707 vita,
1498 2662 1604 2701 della
1629 2661 1829 2700 condotta.
1850 2684 1872 2698 .;

337 2713 464 2750 Hofer
499 2711 662 2750 intende
701 2710 717 2727 “
740 2710 761 2749 e
787 2711 890 2748 falsa
926 2711 1060 2756 quella
1093 2710 1259 2749 filosofia
1293 2711 1365 2748 che
1398 2714 1512 2756 parte
1544 2709 1608 2748 dal
1635 2709 1828 2756 principio
1855 2718 1863 2758 ῃ

340 2772 477 2798 sensus
513 2759 641 2806 falsos
675 2771 764 2798 esse.
791 2785 810 2803 „
848 2759 915 2798 Ma
952 2771 1032 2798 non
1065 2758 1086 2797 ὲ·
1123 2759 1413 2805 precisamente
1446 2756 1520 2797 cib.
1553 2757 1632 2804 Qui
1667 2759 1774 2796 ratio
1806 2755 1829 2795 ὸ
1861 2762 1872 2807 ³¹.
