1872 3002
351 167 407 214 96
488 198 490 200 -
764 167 850 214 DE
882 167 1114 215 RERUM
1145 166 1423 215 NATURA

381 277 461 307 cur
492 262 687 321 nequeat
720 265 844 308 certa
874 262 1036 310 mundi
1067 261 1363 321 languescere
1395 266 1537 322 parte,

380 325 489 372 dum
521 325 620 373 loca
651 326 905 374 luminibus
937 327 1135 386 propriis
1167 326 1357 373 inimica
1388 343 1468 386 per
1499 327 1628 374 exit?

438 390 568 447 Quod
600 397 819 450 superest,
853 392 1069 451 quoniam
1101 392 1262 451 magni
1294 408 1373 451 per
1405 392 1588 440 caerula
1619 391 1782 441 mundi

279 472 346 507 770
379 472 469 515 qua
501 456 599 502 fieri
632 456 850 516 quicquid
883 461 1034 516 posset
1066 457 1244 504 ratione
1277 456 1458 515 resolvi,

378 521 485 568 solis
518 522 588 567 uti
621 522 774 569 varios
807 537 966 570 cursus
992 522 1223 586 *lunaeque
1254 526 1432 569 meatus

377 601 563 633 noscere
595 602 829 645 possemus
862 603 979 646 quae
1012 588 1082 634 vis
1115 592 1161 634 et
1193 603 1332 634 causa
1364 587 1517 645 cieret,

365 668 525 710 quove
559 653 691 699 modo
722 658 904 711 possent
936 654 1099 700 offecto
1132 653 1305 699 lumine
1339 653 1463 700 obire

378 723 423 764 ot
454 734 599 777 neque
632 718 864 777 opinantis
897 719 1098 766 tenebris
1131 718 1354 780 obducere
1385 723 1546 776 terras,

325 803 342 825 r
378 798 479 829 cum
513 783 646 843 quasi
677 783 891 830 conivent
923 789 968 830 et
1001 788 1156 843 aperto
1189 784 1360 830 lumine
1392 797 1575 830 rursum

376 847 530 895 omnia
562 848 806 895 convisunt
837 848 964 896 clara
994 849 1095 896 loca
1127 849 1323 896 candida
1354 848 1466 906 luce,

376 930 499 961 nunc
529 914 663 960 redeo
695 914 755 961 ad
786 915 947 961 mundi
978 915 1244 972 novitatem,
1262 919 1322 973 ¹et
1355 914 1513 962 mollia
1543 918 1694 963 terrae

377 995 489 1026 arva
521 995 639 1026 novo
671 979 767 1026 fetu
799 979 909 1039 quid
942 980 1139 1038 primum
1173 980 1222 1026 in
1252 979 1440 1028 luminis
1472 995 1575 1027 oras

376 1044 536 1091 tollere
569 1049 614 1091 ot
646 1044 833 1092 incertis
867 1044 1038 1092 crerint
1070 1045 1355 1093 committere
1381 1045 1543 1094 ventis.

345 1295 386 1320 se
413 1283 452 1319 la
477 1282 573 1319 luna
599 1292 677 1319 non
703 1281 900 1320 ricevesse
927 1282 966 1319 la
993 1294 1065 1319 sua
1091 1281 1180 1320 luce
1207 1282 1272 1320 dal
1297 1283 1392 1330 sole,
1427 1296 1502 1328 pur
1534 1297 1615 1324 non
1648 1287 1834 1325 manche-

344 1330 468 1368 rebbe
496 1330 536 1367 la
562 1330 815 1375 spiegazione
843 1342 919 1368 ecc.
941 1359 956 1376 „
1057 1350 1103 1355 —-
1128 1329 1254 1377 fulyet
1280 1343 1381 1378 mss„
1399 1332 1554 1379 Munro,
1577 1333 1692 1380 Brg.;
1716 1333 1841 1382 fulyit

346 1378 480 1424 Lach„
504 1378 622 1415 Bern.
720 1398 767 1402 —
786 1377 864 1414 768.
880 1390 964 1424 per,
982 1381 1189 1423 posposto:
1207 1391 1283 1424 per
1309 1379 1394 1417 loca
1410 1382 1587 1419 inimica.
1683 1401 1728 1408 —
1750 1394 1840 1429 pro-

340 1434 448 1478 priis
484 1433 503 1449 “
523 1431 608 1468 suoi
644 1432 777 1477 propri
800 1461 840 1477 „‚
876 1425 1149 1469 richsamando
1183 1444 1254 1470 suo
1285 1435 1324 1470 si
1338 1433 1481 1517 ίξιιῑρει
1516 1434 1614 1472 luna
1639 1435 1780 1474 nitore.
1805 1425 1839 1474 1¹⁴]

347 1479 530 1517 notevole
557 1479 594 1517 lo
622 1479 753 1517 studio
780 1479 872 1517 d'un
900 1479 1016 1524 pieno
1043 1479 1311 1524 parallelismo
1366 1481 1378 1517 i
1402 1481 1586 1527 pensiero
1613 1495 1634 1520 e
1653 1482 1692 1520 di
1710 1483 1839 1522 forma

345 1526 451 1564 nella
479 1527 719 1565 trattazione
748 1526 970 1565 dell'eclissi
998 1527 1128 1564 solare
1155 1540 1175 1564 e
1202 1527 1427 1567 dell’eclissi
1452 1529 1605 1568 lunare.
1862 1548 1865 1549 ⁷

441 1581 617 1617 769-779.
645 1580 778 1618 Prima
805 1580 844 1617 di
871 1592 1034 1626 passare
1060 1581 1141 1618 alla
1160 1585 1269 1618 terza
1286 1582 1443 1621 sezione
1461 1582 1501 1620 di
1519 1587 1660 1629 questo
1678 1584 1716 1623 V
1733 1584 1837 1623 libro

346 1626 568 1673 (780-1008),
594 1628 666 1665 che
693 1632 817 1665 tratta
844 1627 948 1666 delle
975 1628 1119 1673 origini
1145 1628 1251 1666 della
1276 1629 1361 1667 vita
1386 1631 1571 1675 vegetale
1607 1643 1629 1670 e
1655 1633 1838 1679 animale,

346 1674 500 1713 nonche
528 1676 631 1713 delle
658 1675 803 1720 origini
829 1687 851 1713 e
878 1675 942 1712 dcl
968 1676 1131 1721 periodo
1157 1676 1334 1715 belluino
1361 1676 1645 1726 deII'umanstQ
1671 1679 1700 1717 il
1718 1683 1838 1725 poeta

344 1725 539 1768 premette
571 1723 701 1768 questi
728 1723 844 1768 pochi
870 1725 975 1761 versi
1009 1722 1344 1767 d’introduzione,
1370 1737 1444 1763 con
1469 1738 1523 1764 un
1544 1727 1754 1766 summario
1775 1739 1839 1766 ac-

344 1783 470 1808 cenno
497 1771 575 1808 alle
602 1782 691 1808 cose
718 1773 886 1808 trattate
912 1770 1020 1808 nella
1047 1771 1218 1809 soconda
1244 1773 1414 1811 sezione.
1510 1793 1557 1800 —
1583 1774 1668 1812 770.
1691 1775 1838 1813 resolvi

346 1818 362 1834 ‘⁴
384 1818 562 1856 districai
583 1845 599 1862 „
627 1831 698 1864 per
727 1818 743 1834 “
763 1819 917 1864 spiegai
937 1848 953 1863 „
981 1831 1035 1855 un
1063 1819 1288 1862 significato
1315 1821 1392 1858 ben
1418 1832 1521 1859 raro.
1548 1821 1693 1861 Munro
1708 1823 1836 1868 ripete

344 1866 385 1902 in
411 1870 552 1911 questo
578 1878 693 1903 senso
720 1867 893 1904 ress-olai
916 1866 956 1903 in
982 1866 1041 1903 VI
1065 1868 1124 1909 46,
1149 1879 1221 1912 per
1247 1880 1336 1905 mss.
1363 1868 1536 1906 dissolui
1556 1870 1608 1912 (v.
1633 1872 1731 1908 nota
1755 1870 1836 1915 ivi).

345 1912 417 1950 C’e
445 1914 572 1951 anche
599 1914 794 1951 exsolvere
818 1914 860 1951 II
886 1915 967 1951 381.
995 1913 1138 1952 Munro
1165 1915 1244 1952 cita
1270 1915 1435 1959 Quintil.
1461 1915 1542 1954 VII
1567 1918 1590 1955 9
1615 1918 1662 1954 14
1686 1918 1836 1965 amphi-

346 1961 491 1999 bociam
517 1961 709 1999 resolvere
719 1975 734 2008 ,·
759 1974 823 1998 ma
849 1960 870 1999 ὸ
897 1961 1066 1999 diverso.
1164 1982 1211 1989 υ-
1237 1963 1319 2000 774.
1346 1962 1502 2011 offecto;
1525 1964 1598 2002 cfr.
1623 1965 1666 2002 Π
1684 1966 1752 2003 156
1777 1964 1837 2012 of-

343 2009 546 2055 ficiuntur.
645 2029 688 2034 —
716 2009 835 2055 obire,
862 2009 929 2054 qui
954 2021 1034 2047 non
1060 2008 1081 2046 ὸ
1102 2009 1175 2047 che
1196 2022 1249 2046 un
1278 2009 1294 2025 “
1314 2011 1557 2056 seomparire
1573 2037 1614 2059 ,,,
1640 2017 1751 2051 come
1769 2012 1836 2058 gie

343 2056 487 2094 risulta
514 2056 565 2094 da
591 2056 727 2104 offecto
754 2057 912 2094 lumine.
1010 2076 1055 2082 —
1082 2056 1165 2092 774.
1189 2070 1310 2104 neque
1337 2060 1440 2104 opin.
1466 2056 1488 2096 ὸ
1512 2070 1605 2099 raro
1630 2060 1771 2098 invene
1792 2060 1832 2098 di

343 2116 412 2141 nec
438 2107 542 2150 opin.
641 2124 685 2129 —
713 2104 790 2141 775.
817 2104 900 2142 Con
926 2107 1068 2149 questo
1093 2116 1130 2141 v.
1156 2105 1348 2143 Lucrezio
1382 2105 1424 2142 fa
1461 2106 1638 2151 spiceare
1663 2108 1836 2153 poetica.-

342 2156 475 2189 mente
501 2153 540 2189 la
565 2152 689 2190 breve
724 2151 869 2189 durata
900 2151 1004 2189 delle
1037 2151 1178 2197 eclissi,
1216 2153 1257 2189 in
1285 2153 1494 2191 confronto
1520 2150 1717 2193 dell'altre
1746 2167 1835 2202 noi-1

342 2199 437 2236 mali
478 2199 741 2237 occultazioni
782 2199 846 2237 dei
889 2200 997 2244 corpi
1039 2199 1201 2238 celesti:
1243 2213 1299 2237 un
1341 2200 1531 2240 chiudere
1572 2214 1594 2240 e
1633 2203 1742 2248 aprir
1778 2202 1835 2248 gli

343 2247 467 2284 occhi.
567 2267 608 2272 -—
637 2248 714 2284 776.
751 2248 980 2294 convisunt;
1014 2247 1084 2284 cfr.
1123 2247 1164 2284 II
1199 2248 1268 2285 357
1302 2250 1436 2286 omnia
1470 2252 1673 2288 convisens
1709 2250 1834 2289 oculis

344 2295 438 2331 loca.
488 2314 534 2319 ——
553 2295 630 2332 777.
650 2296 668 2313 “
684 2294 765 2332 Ora
782 2294 942 2340 ripiglio
959 2294 985 2331 l’
995 2298 1227 2339 argomento
1247 2294 1310 2333 dei
1328 2296 1443 2340 primi
1458 2297 1580 2342 tempi
1595 2297 1700 2335 della
1713 2300 1833 2342 terra,

342 2341 381 2378 di
400 2341 463 2378 cui
481 2342 532 2379 ho
550 2342 615 2386 gia
634 2344 788 2380 toccato
807 2342 914 2379 nella
932 2342 1184 2386 cosmogonia
1202 2354 1224 2380 e
1239 2342 1577 2383 nell’astronomia
1593 2345 1678 2388 (534
1688 2345 1832 2391 sgg.)„;

341 2401 406 2426 ma
436 2401 534 2426 non:
563 2390 676 2427 redeo
704 2390 756 2426 ad
785 2390 922 2427 mollia
950 2402 1048 2427 arva
1082 2392 1168 2435 etc„
1201 2390 1272 2428 che
1299 2389 1389 2428 s’ha
1416 2403 1439 2428 a
1459 2391 1748 2430 sottintendere
1778 2391 1794 2408 “
1811 2404 1833 2430 e

342 2435 439 2473 diro.
462 2462 478 2480 „
506 2436 633 2474 Oostr.
657 2438 753 2483 quid
763 2439 942 2483 primum
967 2437 1105 2475 mollia
1127 2441 1258 2475 terrae
1281 2450 1380 2475 arva
1401 2442 1476 2476 etc.
1587 2459 1630 2465 ·—-
1650 2439 1733 2477 779.
1755 2452 1832 2478 cre·

341 2486 486 2521 rint:
504 2485 712 2529 decrerint,
739 2484 760 2521 ὸ
785 2484 954 2528 arcaico,
979 2489 1096 2522 usato
1122 2484 1173 2522 da
1199 2484 1389 2523 Cicerone
1415 2485 1516 2525 dove
1538 2486 1648 2524 imita
1673 2486 1832 2525 l’antioo

340 2531 572 2576 linguaggio
586 2531 690 2569 dello
704 2531 821 2576 leggi.
841 2531 998 2570 Catullo
1014 2545 1246 2577 yermanum
1267 2535 1447 2572 amittere
1472 2536 1587 2580 crevi,
1611 2534 1652 2572 in
1677 2535 1734 2578 64,
1752 2536 1833 2581 150,

342 2578 425 2617 cioe
443 2579 656 2616 nelcarme
674 2579 778 2616 ricco
797 2579 836 2616 di
861 2579 1080 2617 imitazioni
1105 2580 1344 2618 lucreziane.
1442 2601 1484 2607 -
1512 2583 1680 2620 incertis
1698 2594 1831 2620 comm.

341 2629 466 2664 ventis
494 2626 509 2642 “
531 2626 698 2664 mandar
724 2627 829 2664 fuori
857 2625 1012 2663 all'aria
1038 2630 1180 2672 aperta
1201 2654 1217 2670 ‚‚
1254 2629 1294 2666 in
1320 2630 1601 2674 contrapposto
1634 2629 1716 2667 alla
1741 2641 1831 2667 con-

342 2673 496 2712 dizione
515 2675 728 2719 anteriore,
750 2673 892 2713 dentro
911 2673 939 2710 il
957 2675 1120 2718 grembo
1139 2675 1244 2713 della
1262 2675 1399 2714 madre
1417 2678 1538 2714 terra.
1563 2677 1664 2715 Aen.
1682 2677 1743 2715 XI
1760 2678 1830 2714 560
1850 2696 1851 2699 =

342 2734 440 2768 quoe
466 2734 572 2759 vum·
599 2722 732 2760 dubiis
758 2723 1015 2760 committitur
1041 2724 1168 2760 aen-is.
