1872 3002
336 174 423 220 258
755 173 841 220 DE
872 172 1105 220 RERUM
1137 172 1413 221 NATURA

244 281 335 317 1032
370 283 568 326 namque
600 267 715 313 alias
748 266 874 312 aliud
906 282 978 313 res
1011 271 1264 315 commovet
1295 272 1433 327 atque
1464 267 1672 318 lacessit:

369 347 425 378 ex
457 331 642 378 homine
674 322 934 377 humanum
960 346 1114 377 semen
1146 332 1233 379 ciet
1264 348 1357 379 una
1387 332 1585 382 hominis
1616 333 1701 386 vis.

369 397 489 455 quod
521 396 658 443 simul
689 401 827 454 atque
859 396 953 443 suis
985 397 1179 444 eiectum
1210 398 1392 446 sedibus
1423 399 1532 457 exit,

246 477 337 514 1035
370 477 449 520 per
481 461 686 507 membra
718 466 855 520 atque
887 465 1016 509 artus
1050 462 1230 510 decedit
1262 479 1449 522 corpore
1479 468 1588 523 toto,

369 528 417 573 in
450 526 550 573 loca
582 526 857 574 conveniens
888 543 1135 575 nervorum
1171 533 1308 587 certa,
1343 529 1521 589 cietque

371 586 587 639 contin‘uc
620 591 764 651 partis
796 592 1013 650 genitalis
1047 594 1249 652 corporis
1281 595 1418 653 ipsas.

372 657 567 704 inritata
598 662 779 704 tument
810 657 911 704 loca
942 659 1130 717 semine,
1162 659 1303 718 fitque
1335 659 1549 707 voluntas

371 723 517 769 cicere
548 722 595 769 id
629 739 719 782 quo
751 739 798 770 se
832 724 1069 772 contendit
1101 697 1203 772 dira
1233 725 1405 784 lubido,
1651 765 1658 772 .

249 801 341 839 1040
372 788 509 847 idque
541 789 656 847 petit
688 805 865 848 corpus,
898 805 1028 837 mens
1060 790 1181 837 unde
1213 795 1280 837 est
1312 791 1469 838 saucia
1500 807 1681 844 0111010εέ

371 869 570 913 namque
603 870 757 902 omnes
790 854 1058 915 plerumque
1091 855 1263 903 cadunt
1294 856 1345 903 in
1377 856 1557 915 vulnus,
1591 862 1635 906 et
1665 856 1793 906 illam

437 1081 656 1118 1032.1033.
681 1068 714 1118 E
732 1080 864 1126 giusta
881 1080 1186 1119 l'osservazione
1208 1081 1271 1119 del
1291 1080 1457 1127 Brieger
1475 1081 1596 1126 (Phil.
1617 1082 1663 1119 33
1676 1093 1715 1167 g.
1733 1082 1831 1125 445),

343 1131 415 1168 0110
442 1130 571 1174 questi
597 1128 673 1166 due
700 1128 804 1166 versi
829 1140 907 1166 non
935 1133 1184 1174 eontengono
1211 1129 1250 1166 la
1267 1129 1431 1174 ragione
1452 1128 1491 1166 di
1509 1128 1568 1167 011)
1585 1128 1659 1168 0110
1717 1128 1828 1167 detto
1851 1146 1872 1163 ·-

343 1178 409 1215 nei
433 1177 510 1214 due
535 1175 776 1222 precedenti.
804 1175 922 1213 Certo
948 1188 1027 1214 non
1053 1176 1086 1213 si
1112 1175 1190 1221 pub
1217 1175 1425 1214 intendere
1450 1176 1557 1214 nella
1582 1178 1642 1215 vis
1658 1176 1832 1215 hominis

344 1226 372 1262 il
397 1225 520 1263 robur
545 1224 617 1261 che
644 1223 694 1261 da
719 1223 895 1261 l'adulta
915 1228 1035 1261 aetas.
1062 1223 1211 1268 Questa
1229 1226 1288 1262 vis
1306 1224 1476 1262 hominis
1501 1235 1581 1262 non
1601 1223 1680 1270 pub
1697 1235 1830 1263 essere

343 1273 415 1311 che
442 1271 644 1310 l’efficacia
671 1271 896 1315 esercitata,
918 1271 986 1310 sul
1021 1271 1269 1317 predisposto
1304 1271 1482 1314 dall’eta,
1518 1271 1626 1310 dalla
1650 1271 1756 1310 vista
1791 1271 1832 1310 di

342 1320 450 1358 bella
485 1319 629 1363 donna,
661 1331 695 1364 o,
729 1319 933 1364 insomma,
963 1319 1170 1365 praeclari
1201 1319 1332 1356 vultus
1356 1319 1596 1366 pulchrique
1621 1319 1776 1365 coloris,
1805 1331 1828 1358 o

345 1367 470 1405 anche
498 1366 563 1403 dal
590 1366 673 1404 solo
699 1367 958 1404 simulacrum
981 1366 1037 1409 (in
1064 1367 1217 1411 sogno).
1242 1366 1309 1403 Ma
1333 1378 1358 1404 a
1379 1369 1485 1404 torto
1505 1367 1533 1404 il
1551 1367 1718 1412 Brieger
1734 1366 1830 1405 l’in-

344 1415 463 1453 tende
490 1414 553 1452 del
580 1414 663 1451 solo
689 1414 948 1451 simulacrum
973 1414 1075 1452 visto
1101 1414 1143 1451 in
1168 1426 1304 1459 sogno,
1330 1426 1352 1452 0
1379 1413 1518 1459 quindi
1543 1426 1623 1453 non
1647 1414 1782 1460 giusta
1807 1413 1830 1452 ὸ

343 1463 383 1500 la
409 1475 480 1500 sua
506 1464 695 1507 proposta
723 1460 805 1506 (gia
831 1468 1051 1499 accennata
1085 1474 1105 1499 e
1139 1462 1318 1506 respinta
1349 1474 1420 1507 per
1454 1462 1559 1500 altra
1583 1463 1766 1508 ragione)
1791 1461 1832 1499 di

344 1510 434 1547 unir
460 1510 591 1554 questi
617 1509 693 1546 due
719 1509 823 1546 versi
849 1522 872 1546 a
901 1510 1002 1547 1029.
1028 1509 1248 1547 L'accenno
1275 1521 1299 1546 a
1325 1515 1466 1554 questa
1486 1512 1546 1547 vis
1563 1510 1736 1548 hominis
1753 1521 1831 1548 non

344 1557 422 1603 pue>
449 1569 634 1594 mancare
661 1556 739 1603 qui,
766 1569 787 1594 e
813 1559 936 1594 metto
963 1556 1100 1601 quindi
1126 1569 1207 1594 una
1234 1557 1379 1594 lacuna
1395 1557 1522 1602 prima
1541 1556 1579 1594 di
1599 1558 1702 1598 1032,
1723 1557 1831 1595 nella
1854 1560 1856 1562 “

346 1604 465 1649 quale
491 1604 523 1641 si
549 1604 655 1642 dica:
687 1607 702 1618 '⁸
723 1616 743 1641 e
770 1604 803 1641 si
828 1603 1032 1648 aggiunga
1057 1604 1290 1648 (all’effetto
1317 1604 1406 1642 dell’
1418 1605 1558 1642 adulta
1589 1605 1714 1650 aetas)
1744 1603 1831 1642 l'ec·

345 1653 558 1689 citamento
585 1651 691 1689 della
716 1651 819 1689 vista
846 1651 885 1688 di
915 1651 1015 1689 belle
1041 1651 1166 1689 forme
1186 1667 1226 1697 „3
1262 1664 1409 1690 ovvero
1441 1652 1568 1690 anche
1594 1652 1628 1690 si
1653 1652 1743 1690 dica
1770 1653 1789 1671 “
1808 1664 1831 1690 e

344 1701 410 1744 poi
436 1699 554 1744 (dopo
580 1699 606 1735 il
633 1699 758 1744 primo
784 1699 922 1736 effetto
948 1698 1133 1743 prodotto
1160 1699 1378 1744 dall’aetas)
1403 1712 1474 1745 per
1491 1699 1531 1737 la
1547 1700 1652 1738 vista
1669 1699 1709 1737 di
1727 1699 1831 1738 belle

345 1748 469 1784 forme
496 1747 523 1784 il
549 1758 676 1783 semen
702 1748 845 1783 eicitur
870 1746 1111 1784 dall'intime
1137 1759 1207 1784 sue
1233 1746 1317 1784 sedi
1342 1747 1433 1791 (che
1459 1759 1530 1785 son
1557 1760 1635 1792 qua
1657 1759 1679 1786 0
1699 1746 1739 1785 la
1759 1758 1831 1792 per

345 1797 449 1832 tutto
476 1795 503 1831 il
530 1806 660 1838 corpo,
687 1806 722 1831 v.
742 1795 897 1839 sotto),
906 1823 913 1831 .
952 1793 1040 1832 Cos}
1068 1806 1147 1831 11011
1173 1794 1392 1832 solamente
1418 1806 1490 1833 son
1521 1795 1830 1840 perfettamente

345 1855 369 1879 a
395 1844 508 1886 posto
534 1854 555 1878 e
582 1841 707 1878 chiari
736 1842 838 1887 1032,
867 1843 977 1887 1033,
1004 1854 1068 1878 ma
1093 1842 1218 1880 riesee
1245 1842 1380 1880 chiaro
1406 1842 1535 1880 anche
1558 1843 1662 1889 1034,
1686 1842 1758 1880 che
1775 1842 1831 1879 al-

346 1889 521 1927 trimenti
538 1889 663 1926 riesce
682 1871 872 1933 alquanto
890 1889 1134 1934 inaspettato
1155 1888 1274 1932 (0110“
1260 1901 1282 1927 0
1301 1901 1355 1927 1111
1372 1902 1422 1935 po
1425 1889 1607 1928 ’difficile
1623 1871 1830 1928 intendere

345 1937 409 1974 nel
435 1936 620 1996 semplice
650 1937 891 1974 sollzcitatur
918 1940 1021 1974 tutto
1047 1949 1120 1974 un:
1149 1939 1290 1974 eicitur
1319 1949 1367 1974 ex
1383 1937 1541 1975 sedibus
1559 1939 1678 1984 suis);
1703 1937 1830 1975 riesce

345 1984 470 2021 anche
497 1984 566 2039 piu
591 1984 776 2021 naturale
805 1986 907 2029 1040,
934 1983 1035 2021 dove
1067 1983 1132 2022 del
1165 1984 1253 2029 pari
1285 1983 1318 2021 si
1343 1996 1519 2023 accenna
1553 1985 1635 2023 alla
1649 1996 1829 2047 persona

345 2035 479 2069 amata
506 2032 545 2068 in
572 2031 686 2069 modo
715 2032 906 2076 piuttosto
932 2031 1189 2090 inaspettato,
1216 2044 1257 2070 se
1282 2032 1411 2077 prima
1444 2044 1524 2071 non
1552 2045 1596 2071 00
1622 2030 1658 2070 n’
1674 2031 1696 2070 ὸ
1721 2035 1828 2070 stata

345 2079 496 2124 parola.
522 2079 715 2123 Dunque:
742 2079 871 2123 prima
896 2077 991 2116 l'eta
1017 2080 1206 2117 sollicitat
1231 2092 1382 2125 semem
1417 2079 1554 2125 quindi
1588 2080 1628 2118 la
1660 2080 1765 2118 vista
1790 2078 1830 2116 di

345 2139 399 2164 un
426 2130 589 2171 oggetto
615 2126 786 2164 amabile
813 2127 851 2164 lo
878 2126 999 2163 attira
1017 2126 1134 2171 fuori,
1160 2126 1197 2164 lo
1215 2131 1338 2164 mette
1356 2127 1396 2164 in
1414 2134 1539 2173 metm
1567 2140 1588 2165 e
1609 2127 1649 2164 la
1665 2128 1830 2172 ragione

346 2174 385 2211 di
412 2173 472 2211 010
498 2173 520 2211 0
547 2173 658 2211 detta
685 2173 1104 2220 1032,1033;qui11di,
1131 2173 1289 2218 quando
1316 2173 1337 2212 0
1363 2175 1490 2213 uscito
1517 2157 1622 2212 dalle
1648 2187 1719 2213 sue
1735 2174 1830 2217 sedi,

345 2221 529 2259 venendo
569 2221 619 2258 da
656 2224 761 2259 tutte
799 2221 835 2258 le
873 2221 978 2266 parti
1016 2225 1241 2259 atti-aversa
1277 2222 1452 2260 membta
1490 2227 1524 2260 et
1558 2226 1672 2260 artus
1703 2222 1829 2268 (1035)

345 2271 420 2306 etc.
521 2288 561 2293 —
583 2269 688 2306 1035
711 2280 776 2306 cor
777 2281 870 2314 pore
898 2273 983 2311 toto,
1011 2280 1119 2306 001110
1138 2269 1243 2306 110110
1263 2270 1396 2315 scolio,
1421 2270 1463 2307 in
1480 2275 1595 2325 parte
1613 2269 1680 2315 gia
1697 2269 1830 2314 citato,

345 2329 369 2353 a
395 2318 502 2362 epist
532 2317 585 2352 ad
610 2316 706 2354 Her.
734 2317 796 2353 66:
821 2314 863 2351 τό
886 2329 924 2351 τε
950 2316 1099 2363 σπέρμα
1125 2312 1187 2361 (Ξφ
1203 2313 1295 2352 όλων
1325 2316 1397 2353 τῶν
1423 2313 1600 2365 σωμάτων
1625 2318 1829 2367 φέρεσθαις

344 2376 366 2400 0
392 2363 471 2401 cosi
497 2363 622 2409 Dem.,
649 2363 818 2401 secondo
844 2363 950 2401 Plut.
973 2364 1073 2410 plac.
1100 2363 1136 2400 V
1163 2365 1183 2400 3
1215 2365 1353 2411 (Diels,
1378 2378 1414 2430 p.
1444 2367 1551 2426 417);
1578 2365 1678 2403 dove
1704 2364 1830 2402 anche

344 2416 365 2454 ὲ
392 2417 501 2454 detto
527 2417 599 2454 ohe
624 2417 796 2462 Epicuro
822 2413 861 2452 τὸ
888 2417 1037 2465 σπέραα
1063 2419 1151 2464 φησὶ
1177 2417 1303 2464 ψυχῆς
1327 2420 1389 2454 καὶ
1406 2415 1571 2467 σώματος
1591 2413 1828 2466 ἅπόσπασμα.

344 2471 376 2508 Ε
390 2470 511 2507 Diels.
526 2483 563 2515 p.
581 2471 651 2507 418
667 2468 897 2519 Πυθαγόρας
913 2466 1124 2519 Επίκουρος
1140 2470 1247 2518 Δημ’
1230 2485 1369 2533 (κριτος
1384 2486 1445 2508 και
1463 2468 1502 2508 τὸ
1519 2471 1615 2520 θῆλυ
1631 2470 1830 2533 προΐεσθαι

343 2524 501 2573 σπέρμα.
528 2523 667 2560 Α110110
694 2523 882 2569 Hippocr.
909 2525 954 2561 de
970 2537 1057 2569 yen.
1073 2526 1106 2562 8.
1132 2525 1159 2571 ἠ
1177 2520 1267 2572 γονὴ
1287 2523 1476 2573 ἐξέρχεται
1493 2527 1555 2561 καί
1572 2524 1634 2573 τῆς
1655 2520 1829 2572 γυναικὸς

342 2579 403 2612 καὶ
429 2576 492 2613 τοῦ
516 2572 647 2624 (Ξνδρος
672 2591 746 2612 ano
772 2573 907 2616 παντὸς
932 2591 996 2612 του
1031 2591 1207 2624 σαματος.
1305 2579 1485 2614 -.1037
1513 2581 1623 2626 ipsas
1652 2578 1709 2616 “e
1739 2591 1830 2624 pre-

344 2631 576 2676 cisamente3
615 2643 636 2668 e
669 2630 828 2675 infine„
867 2630 947 2668 cfr.
976 2633 1016 2676 ip
1019 2643 1060 2669 so
1095 2632 1174 2669 649.
1296 2651 1339 2656 —
1371 2632 1484 2668 1039.
1521 2645 1594 2679 quo
1626 2643 1716 2670 avv.
1753 2630 1829 2669 “la

342 2691 457 2716 verso
483 2678 583 2716 dove
604 2706 633 2723 „.
733 2699 775 2703 —
803 2660 961 2714 1”040.‘
960 2677 1146 2723 ‘Epperb
1174 2679 1201 2716 il
1227 2691 1345 2725 corpo
1372 2680 1515 2724 (moeso
1545 2680 1588 2717 in
1617 2683 1723 2718 moto
1749 2679 1829 2717 dal·

342 2725 460 2763 l'atto
492 2725 658 2764 volitivo
690 2725 795 2763 della
829 2738 948 2771 mens,
983 2738 1091 2764 come
1118 2727 1187 2763 878
1212 2726 1286 2771 sg.)
1313 2729 1415 2773 petit
1439 2728 1483 2765 id
1507 2727 1611 2765 unde
1635 2739 1744 2766 mens
1769 2731 1826 2765 est

342 2774 491 2810 saucia.
590 2793 634 2798 —
662 2773 769 2809 1041.
800 2773 956 2812 Cadunt
982 2776 1026 2811 in
1052 2774 1205 2812 vulnus.
1243 2773 1322 2812 Ofr.
1349 2775 1435 2813 Liv.
1461 2775 1481 2812 Ι
1506 2776 1552 2813 58
1584 2774 1755 2827 cultrum
1780 2776 1824 2812 in
1867 2785 1870 2791 ’
