1872 3002
360 198 443 244 122
769 195 854 241 DE
893 192 1123 240 RERUM
1155 191 1432 239 NATURA

443 292 598 348 Atque
630 305 694 345 ea,
722 288 954 346 nimirum,
983 302 1295 346 quaecumque
1320 285 1587 333 Acherunte
1620 283 1842 345 profundo

386 355 566 415 prodita
598 358 704 402 sunt
735 369 843 411 esse,
875 353 924 399 in
956 353 1054 400 vita
1085 355 1193 400 sunt
1224 352 1378 399 omnia
1409 350 1554 398 nobis.

351 574 530 612 securius
551 578 676 611 exstat
691 573 725 617 .?l
745 573 889 610 Invece
904 571 1041 609 Pascal
1059 572 1199 616 (citato
1218 571 1268 609 da
1282 572 1366 615 M.):
1391 571 1407 588 “
1424 571 1557 617 quand
1573 572 1615 618 je
1636 570 1840 610 considere

352 622 390 658 la
416 622 539 667 petite
566 621 688 659 duree
715 621 763 657 de
789 632 853 657 ma
879 620 955 665 vie,
982 619 1175 657 absorbee
1202 619 1301 657 dans
1330 619 1528 658 l'eternite
1553 618 1770 665 precedant
1795 627 1836 657 et

350 670 577 706 suivant...
601 670 642 714 je
668 668 876 705 m’effraie.
898 694 914 711 „
954 668 1028 705 Del
1056 670 1161 705 resto
1197 667 1267 704 cfr.
1304 672 1399 704 nota
1435 680 1460 705 a
1484 668 1556 705 830
1589 679 1610 704 6
1641 666 1834 713 aggiungi

349 723 517 766 scriptor
555 721 725 760 Axiochi
752 722 820 759 365
838 720 867 756 d.
895 734 915 758 e
956 720 1089 767 [plut]
1133 721 1246 759 Cous.
1285 722 1338 758 ad
1375 722 1449 767 Ap.
1478 721 1534 766 15,
1563 717 1602 768 (ἦ
1636 715 1708 770 γὰρ
1747 715 1836 768 αι’-τὴ

347 774 559 815 κατάστασίς
591 775 665 811 ἐστι
692 774 734 825 τῇ
759 770 831 824 πρὸ
860 774 921 820 τῆς
952 776 1130 820 γενέσεως
1157 774 1180 822 ἡ
1212 769 1306 822 μετὰ
1332 770 1397 821 τὴν
1423 770 1620 822 τελευτήν),
1656 773 1767 812 (311281ῑί
1795 773 1835 811 in

349 829 501 866 Usener
538 829 771 875 (Epicurea,
808 842 844 873 p.
882 830 975 871 309)
1011 831 1071 865 tra
1118 828 1153 865 le
1187 828 1488 866 testimonianze
1525 828 1720 872 epicuree.
1757 827 1836 864 Per

348 876 590 922 l’Axiochus,
623 876 712 913 vedi
739 876 819 913 alla
844 875 923 912 fine
949 875 1038 912 dell'
1057 876 1271 912 Excursus.
1370 895 1414 900 —-
1441 876 1525 911 973.
1550 875 1740 922 denique;
1764 875 1834 912 cfr.

348 925 426 961 757.
530 944 567 949 ——
590 923 664 959 974
686 924 766 970 vbi,-
786 924 890 961 nella
912 935 990 961 non
1013 923 1208 961 esistenza
1232 927 1403 969 passata,
1425 935 1446 960 e
1467 935 1538 969 per
1559 934 1832 968 conseguenza
1864 960 1865 963 ,

346 971 451 1008 nella
478 971 626 1008 futura.

438 1019 636 1054 976-1021.
664 1006 698 1056 E*
715 1018 979 1055 interessante
1006 1018 1032 1055 il
1061 1018 1269 1056 confronto
1296 1017 1368 1055 cho
1394 1017 1422 1055 il
1440 1017 1599 1055 Martha
1619 1017 1671 1062 (p.
1687 1017 1771 1062 160)
1790 1017 1832 1054 fa

345 1067 405 1103 col
431 1067 614 1103 Bossuet:
645 1065 660 1082 “
677 1066 787 1103 Nous
813 1068 975 1110 portons
1003 1078 1052 1102 en
1080 1078 1150 1103 nos
1177 1078 1315 1103 coeurs
1342 1065 1616 1103 l'instrument
1641 1063 1690 1102 de
1716 1067 1830 1103 notre

344 1113 533 1159 supplice.
560 1114 608 1151 Je
637 1114 737 1151 ferai
769 1114 887 1151 sortir
914 1113 966 1150 du
1004 1113 1140 1150 milieu
1167 1113 1214 1150 de
1242 1114 1297 1151 toi
1331 1113 1367 1150 le
1395 1113 1463 1150 seu
1495 1112 1563 1158 qui
1599 1111 1744 1150 devoro
1770 1114 1830 1150 tes

344 1161 566 1207 entrailles3
585 1162 625 1206 je
644 1174 692 1198 ne
716 1161 947 1198 l’euverrais
970 1173 1040 1205 pas
1062 1160 1109 1197 de
1131 1161 1210 1198 loin
1234 1163 1369 1198 contre
1388 1160 1466 1203 t0i;
1490 1160 1518 1197 il
1540 1158 1712 1206 prendra
1731 1158 1830 1197 dans

343 1212 384 1245 ta
402 1210 644 1253 conscience,
671 1211 711 1245 et
737 1221 798 1245 ses
824 1208 1000 1245 flamines
1027 1207 1291 1246 s'elanceront
1317 1207 1369 1245 du
1395 1207 1531 1245 milieu
1557 1206 1604 1244 de
1631 1207 1746 1245 toi...
1772 1207 1828 1244 Le

343 1268 442 1301 coup
474 1262 533 1293 est
560 1256 696 1301 1ΐ16116ς
723 1255 876 1292 l'enfer
903 1254 940 1292 n’
953 1260 1012 1292 est
1048 1268 1118 1300 pas
1146 1256 1226 1293 loin
1253 1255 1300 1293 de
1334 1255 1400 1301 toi,
1438 1267 1500 1292 ses
1526 1253 1692 1292 ardeurs
1726 1254 1827 1292 eter-

342 1303 466 1341 nelles
493 1316 591 1341 nous
616 1303 805 1341 touchent
832 1302 879 1340 (16
906 1302 1009 1348 pres,
1030 1303 1198 1348 puisque
1221 1315 1320 1340 nous
1342 1315 1390 1340 en
1411 1314 1535 1340 avons
1561 1314 1611 1340 en
1633 1302 1829 1340 nous-me-

342 1363 421 1388 mes
449 1354 488 1388 et
522 1364 570 1388 en
603 1363 673 1389 nos
710 1363 871 1396 propi-es
897 1350 1041 1395 peohes
1072 1351 1112 1387 la
1138 1363 1276 1388 source
1304 1350 1481 1388 seconde.
1513 1349 1768 1394 Commendet,
1802 1349 1825 1386 ὀ

340 1397 526 1444 1166116111,
561 1412 638 1442 que
666 1404 707 1436 tu
736 1401 868 1442 portes
902 1402 970 1435 ton
998 1397 1111 1435 enfer
1137 1411 1185 1435 en
1213 1398 1452 1442 toi-meme.„
1481 1397 1585 1435 O'est
1609 1396 1646 1435 le
1674 1399 1754 1434 mot
1779 1396 1826 1434 de

340 1445 535 1483 Lucrece:
563 1446 641 1484 Hic
670 1446 895 1483 Acherusia
918 1446 961 1491 fi!
995 1446 1204 1483 stultorum
1235 1446 1400 1492 denique
1426 1447 1508 1482 vila
1524 1445 1659 1488 (1021).
1693 1445 1727 1482 E
1748 1457 1825 1482 non

338 1494 370 1530 si
398 1496 522 1531 tratta
549 1493 588 1530 di
617 1494 803 1539 semplice
838 1493 1046 1538 metaffira,
1077 1492 1223 1538 perche
1256 1493 1425 1531 Bossuet
1451 1492 1660 1530 continua:
1689 1491 1706 1508 “
1730 1492 1826 1529 Pas-

339 1545 428 1578 sant
460 1541 549 1587 plus
575 1546 701 1586 outre,
725 1542 765 1586 je
788 1541 847 1577 dis
885 1553 961 1585 que
987 1540 1043 1578 les
1078 1539 1271 1585 pecheurs
1309 1542 1579 1578 commencent
1598 1539 1685 1577 leur
1711 1539 1825 1577 enfer

338 1588 462 1626 meme
489 1601 556 1625 sur
583 1590 620 1626 la
644 1594 748 1626 terre
777 1591 815 1626 et
837 1600 913 1633 que
940 1588 1045 1625 leurs
1067 1588 1208 1626 crimes
1234 1588 1291 1625 les
1317 1601 1343 1633 y
1373 1587 1460 1625 font
1487 1586 1722 1625 descendre:
1756 1599 1824 1624 car

340 1649 385 1673 ne
412 1649 511 1674 nous
537 1636 759 1681 imaginons
785 1648 856 1681 pas
878 1648 954 1680 que
975 1635 1116 1673 l'enfer
1142 1635 1312 1673 consiste
1333 1634 1403 1673 das
1422 1647 1486 1673 ces
1507 1634 1822 1680 epouvantables

337 1686 569 1729 toul-ments,
596 1683 695 1720 (lans
714 1696 779 1721 ces
801 1683 940 1729 etangs
962 1682 1010 1720 (16
1031 1683 1098 1720 feu
1125 1686 1165 1720 et
1191 1683 1240 1720 de
1265 1683 1412 1727 sousre,
1438 1682 1536 1720 dans
1562 1694 1626 1720 ces
1646 1682 1822 1720 flammea

336 1730 639 1768 eternellement
665 1731 913 1773 ‹levorentes,
936 1730 1006 1767 das
1032 1734 1136 1768 cette
1157 1743 1265 1776 rage,
1292 1730 1390 1768 dans
1416 1742 1460 1768 ce
1486 1729 1699 1775 ddsosmir,
1721 1728 1820 1766 dans

335 1783 398 1816 eet
419 1779 592 1816 horrible
613 1779 859 1823 grincement
881 1777 928 1815 de
950 1777 1075 1815 dents.
1096 1778 1266 1823 L’enfer,
1286 1778 1316 1815 si
1334 1790 1432 1815 nous
1451 1777 1709 1822 l'entendons‚
1727 1776 1821 1814 c'est

333 1826 370 1862 le
398 1826 520 1871 peche
548 1826 683 1864 meme.
708 1855 724 1871 „
769 1826 884 1863 Nello
922 1830 1047 1863 stesso
1080 1828 1196 1870 gusto
1234 1825 1273 1862 di
1299 1824 1542 1870 spiegazioni
1575 1824 1817 1870 allegoriche

333 1873 518 1911 abbiamo
545 1874 646 1911 visto
672 1886 790 1919 sopra
817 1874 855 1910 11
883 1875 963 1910 600.
986 1873 1043 1910 La
1065 1872 1273 1918 tendenza,
1299 1873 1363 1910 (161
1387 1877 1506 1918 resto,
1531 1884 1639 1910 come
1665 1883 1734 1909 era
1756 1872 1820 1909 ab·

334 1921 525 1958 bastanza
551 1921 708 1966 diffusa,
734 1933 803 1958 era
830 1933 899 1966 per
937 1921 1060 1957 fermo
1100 1919 1358 1958 tradizionale
1380 1921 1517 1958 'anche
1550 1919 1657 1957 nella
1682 1919 1817 1957 scuola

332 1969 529 2014 epicurea.
557 1969 632 2006 Gla
659 1982 712 2006 un
738 1969 1003 2006 interessante
1040 1969 1276 2006 frammento
1304 1967 1342 2005 di
1369 1967 1596 2006 Democrito
1622 1967 1816 2011 contiene‚

331 2029 402 2061 per
423 2017 483 2053 dir
505 2017 597 2062 cosi,
622 2017 661 2053 la
688 2017 761 2054 tesi
781 2015 818 2052 di
837 2018 975 2060 questo
1005 2015 1128 2053 brano
1156 2016 1393 2060 lucreziano,
1413 2017 1715 2060 segnatamente
1737 2013 1817 2052 del·

330 2069 497 2107 l’ultima
524 2074 637 2115 parte
678 2071 768 2106 ἔνιοι
807 2068 947 2115 θνητῆς
986 2064 1111 2113 φύσιος
1143 2065 1309 2104 διάλυσιν
1347 2066 1411 2104 οὔκ
1449 2065 1588 2107 gardae
1619 2064 1816 2116 ἅνθρωποι,
1864 2092 1866 2095 ψ

331 2120 511 2169 ξυνειδῆσι
538 2123 576 2158 δὲ
604 2122 664 2170 τῆς
691 2122 731 2158 ἐν
757 2121 807 2171 τῷ
831 2125 894 2170 βίῳ
917 2119 1272 2170 κακοπραγμοσύνης
1298 2117 1358 2157 τὸν
1383 2121 1446 2168 τῆς
1470 2120 1589 2168 βιοτῆς
1615 2118 1749 2171 χρόνον
1775 2120 1815 2157 ἐν
1865 2116 1869 2125 ³

329 2175 511 2226 ταραχῇσι
547 2178 608 2211 καὶ
646 2171 787 2221 φ(’βοισι
821 2175 1123 2223 ταλαιπωρέουσι,
1157 2171 1299 2220 ψεύδεα
1324 2176 1411 2223 περὶ
1448 2173 1512 2209 τοῦ
1543 2169 1638 2222 μετὰ
1663 2169 1728 2221 τὴν
1759 2188 1815 2210 τε·
1863 2171 1870 2177 ’

329 2226 458 2275 λευτὴν
483 2226 844 2276 μυθοηλαστεύοντες
878 2225 1022 2275 χρόνοι).
1056 2228 1158 2273 [Non
1187 2227 1381 2272 persuade
1414 2226 1617 2271 l’Heinze‚
1642 2226 1670 2263 il
1696 2227 1813 2272 quale

330 2288 406 2313 non
425 2276 540 2313 crede
559 2276 758 2313 conforme
781 2276 859 2313 allo
880 2275 1018 2320 spirito
1040 2276 1102 2312 ‹lel
1124 2275 1232 2313 fisico
1250 2276 1419 2320 Epicuro
1437 2277 1579 2320 questa
1599 2274 1813 2319 allegorica
1858 2318 1872 2324 μ

328 2324 663 2368 interpretazione
696 2323 798 2360 delle
833 2335 933 2367 pene
968 2323 1161 2369 dell’Ade,
1187 2336 1208 2360 e
1234 2322 1350 2360 crede
1377 2322 1449 2360 che
1476 2322 1665 2360 Lucrezio
1690 2322 1812 2360 abbia

328 2371 395 2415 qui
431 2371 622 2415 piuttosto
658 2370 802 2407 attinto
838 2370 918 2407 alla
954 2370 1174 2408 tradizione
1211 2370 1271 2407 de'
1294 2370 1410 2415 poeti.
1448 2370 1538 2414 Egli
1576 2371 1701 2407 stesso
1734 2369 1812 2407 cita

327 2418 551 2464 Lattanzio5
576 2419 651 2455 div.
668 2420 759 2455 inst.
777 2418 854 2455 VII
876 2419 894 2454 ’ῖ
916 2417 1117 2463 Epicurus
1143 2420 1292 2456 erravit
1316 2419 1387 2464 qui
1398 2446 1406 2454 .
1422 2446 1430 2454 .
1446 2446 1454 2454 .
1474 2417 1570 2454 illas
1587 2415 1812 2463 inferorum

324 2478 471 2511 poenas
504 2468 547 2502 in
580 2466 653 2502 hac
685 2477 765 2503 esse
798 2467 879 2502 vita
916 2467 1200 2511 interpretatus
1238 2469 1320 2510 e3t;
1357 2465 1436 2509 egli
1471 2464 1671 2509 aggiunge
1701 2463 1811 2501 bensi
1869 2496 1871 2499 .

326 2513 411 2560 che,
436 2525 506 2558 per
532 2513 570 2550 la
604 2515 698 2550 nota
724 2512 984 2557 famigliarita
1019 2513 1090 2550 che
1117 2525 1245 2550 aveva
1275 2512 1485 2550 Lattanzio
1511 2511 1572 2549 col
1605 2523 1745 2557 poema
1771 2510 1810 2548 di

324 2561 530 2607 Lucrezio,
561 2559 582 2597 ὸ
618 2559 808 2597 credibile
843 2560 914 2597 che
949 2560 1016 2604 qui
1041 2561 1161 2597 abbia
1198 2560 1519 2605 semplicemcnte
1553 2558 1755 2596 nominato
1781 2556 1808 2595 il

324 2611 497 2645 maestro
532 2608 571 2644 in
598 2607 716 2652 luogo
742 2607 846 2644 dello
878 2607 1051 2651 scolaro;
1085 2620 1148 2645 ma
1181 2606 1202 2644 ὲ
1229 2619 1309 2644 una
1345 2619 1454 2644 mera
1478 2604 1711 2651 possibilita,
1735 2605 1808 2643 che

324 2656 500 2693 avrebbe
526 2655 695 2700 qualche
717 2655 852 2692 valore
878 2654 1051 2691 soltanto
1078 2667 1119 2692 se
1155 2655 1195 2691 la
1221 2654 1294 2692 tesi
1320 2653 1570 2692 dell’Heinze
1596 2652 1701 2690 fosse
1726 2665 1808 2690 sor-

323 2706 428 2739 retta
455 2702 505 2740 da
531 2703 699 2747 qualche
726 2705 958 2746 argomento
985 2702 1129 2739 valido.
1162 2702 1195 2739 E
1221 2715 1300 2739 non
1334 2713 1430 2740 sono
1465 2703 1708 2738 cen-tumente
1727 2700 1806 2737 -tali

323 2750 335 2786 i
361 2749 438 2787 (lue
465 2750 537 2787 che
564 2749 739 2787 adduce:
769 2751 817 2786 1.⁰
842 2749 914 2787 che
943 2761 1024 2785 una
1049 2749 1199 2787 siffatta
1226 2748 1560 2794 interpretazione
1591 2747 1806 2793 allegorica
1864 2787 1869 2799 ,

322 2809 401 2836 non
427 2797 644 2843 distrugge‚
676 2810 747 2843 per
773 2795 814 2835 se
841 2799 981 2844 stessa,
1011 2796 1050 2834 la
1078 2796 1264 2842 possibile
1290 2795 1420 2835 realta
1449 2795 1552 2833 delle
1587 2806 1688 2841 pene
1724 2793 1804 2832 del-
