1872 3002
621 108 818 158 LIBER
849 108 922 158 VI
954 110 1152 159 686-703
1549 113 1637 160 249

869 258 903 289 -Χ-

161 340 210 384 et
240 339 483 397 penetrare
515 336 636 384 mari
668 336 851 396 penitus
880 353 952 385 res
985 338 1112 397 cogit
1145 343 1307 398 aperto

70 400 96 447 .'
161 405 302 464 atque
334 400 492 450 efflare
523 402 663 460 foras,
695 402 892 463 ideoque
924 403 1144 451 extollere
1175 404 1413 452 flammam

63 490 123 526 <⁸⁸
161 483 368 529 saxaque
397 467 657 516 subiectare
689 472 736 516 ct
768 484 937 516 arenae
968 469 1130 517 tollore
1162 470 1355 518 nimbos.

67 578 69 580 ,
159 533 211 583 in
241 549 423 582 summo
455 538 564 582 sunt
598 534 767 582 vertice
800 534 920 582 enim
956 539 1170 594 crateres,
1203 540 1255 584 ut
1287 536 1377 596 ipsi

89 600 97 603 ”
161 598 463 659 nominitant,
496 615 580 647 nos
613 599 736 660 quod
768 599 924 648 fauces
958 600 1252 661 perhibemus
1283 607 1330 650 et
1361 617 1456 650 ora.

221 665 340 717 Sunt
364 664 545 726 aliquot
569 681 750 726 quoque
777 682 849 715 res
876 682 1073 727 quarum
1100 683 1242 715 unam
1268 667 1420 716 dicere
1446 683 1634 716 causam

49 875 55 881 ·
129 866 336 906 Purmann
348 896 358 905 .
370 897 379 905 .
391 897 399 904 .
418 867 492 905 hac
510 868 571 905 ire
588 866 837 913 fatendumst
854 865 907 903 Et
923 865 1136 913 penetrare
1158 866 1286 903 maris
1302 864 1449 911 fluctus
1471 862 1633 910 [quibus

53 919 56 967 ᾗ
129 916 225 954 aere
244 917 396 954 motum
415 914 585 953 Sedibus
612 915 742 953 eicere
764 926 806 952 se
828 913 976 959 subito]
999 926 1065 951 res
1083 915 1183 960 coyit
1205 917 1344 960 aperta
1362 914 1506 954 (maris
1527 924 1548 950 e
1569 924 1634 949 res

55 974 61 982 ⁶
225 1007 228 1009 ,
293 961 310 980 “
324 962 548 1002 l’evidenza
565 993 582 1010 „
602 963 731 1001 anche
751 962 931 1008 Brieger.
945 962 1092 1000 Forse:
1114 973 1179 999 ma
1197 960 1252 999 c’e
1270 960 1338 1007 gi&
1355 960 1632 1008 fatendumst.)

49 1026 56 1060 τ
167 1010 249 1060 ella
273 1010 420 1059 lacuna
437 1010 460 1050 ὸ
478 1011 615 1050 chiaro
636 1011 710 1049 che
731 1011 764 1048 si
783 1010 925 1049 diceva
946 1009 1012 1048 del
1034 1014 1155 1048 vento
1173 1013 1413 1055 penetrante
1434 1007 1501 1046 dal
1522 1019 1632 1046 mare

55 1063 67 1105 J
127 1058 235 1099 nelle
258 1057 386 1098 radici
411 1058 478 1098 del
503 1062 650 1106 monte,
676 1059 783 1098 forse
810 1071 884 1097 eon
905 1070 1082 1096 accenno
1109 1057 1238 1096 anche
1263 1069 1288 1095 a
1314 1056 1539 1102 dell’acqua
1561 1068 1584 1094 e
1605 1067 1630 1094 a

54 1132 58 1137 -
127 1105 348 1147 ‹lell’a‘rena
373 1107 448 1146 che
472 1107 687 1154 penem-ino
714 1107 880 1145 insieme
907 1106 967 1145 col
994 1111 1137 1144 vento:
1171 1107 1323 1152 quanto
1349 1104 1416 1143 all'
1427 1116 1553 1142 arena
1578 1103 1630 1142 mi

57 1171 59 1173 ·
126 1165 230 1203 pare
241 1154 420 1194 indicato
437 1154 503 1194 dai
523 1155 654 1194 nimbi
668 1167 817 1194 arenae
835 1154 899 1194 del
919 1167 956 1193 v.
971 1156 1040 1192 700
1058 1155 1157 1200 (non
1176 1166 1219 1192 se
1239 1166 1291 1192 ne
1309 1153 1424 1199 parla
1443 1153 1633 1197 690-692),’

124 1203 323 1243 nominati
341 1203 449 1243 forse
467 1206 649 1251 appunto
670 1216 780 1242 come
800 1215 925 1249 prova
944 1203 985 1240 di
1003 1202 1164 1241 codesto
1182 1202 1397 1248 passaggio
1414 1200 1479 1239 del
1498 1203 1631 1239 vento.

88 1302 91 1304 d
126 1251 176 1290 In
201 1253 274 1291 698
296 1256 510 1300 penetrare
533 1254 693 1299 penitus
718 1251 739 1290 ὸ
766 1254 872 1290 tutto
906 1251 1151 1296 lucreziano‚
1174 1252 1286 1288 mari
1309 1253 1446 1297 aperto
1471 1249 1525 1286 ha
1552 1248 1628 1286 l'a-

51 1306 57 1343 ζ
125 1300 407 1347 ιρεὲὲοψιιιοὶίῑο
432 1302 622 1347 genuino,
649 1313 670 1338 e
691 1300 773 1338 cosi
793 1302 914 1346 coyit3
936 1312 1001 1337 res
1021 1298 1043 1337 ὸ
1070 1299 1098 1336 il
1119 1310 1230 1344 sogg.
1253 1298 1377 1342 (forse
1403 1299 1488 1335 vis?
1514 1296 1543 1334 il
1566 1297 1630 1334 cui

40 1360 44 1371 ·
126 1347 307 1394 genitivo
321 1349 494 1387 sarebbe
514 1349 624 1387 nella
645 1349 804 1394 lacuna,
825 1348 897 1386 cfr.
915 1361 951 1387 v.
967 1349 1065 1394 758),
1087 1359 1108 1385 e
1130 1359 1228 1392 pare
1249 1345 1340 1384 dica
1360 1346 1387 1383 il
1410 1345 1631 1390 complesse

125 1394 500 1442 dellecireostanze
517 1417 565 1423 —-
585 1410 607 1435 e
625 1409 698 1443 per
723 1401 950 1435 avventura
972 1397 1153 1442 appunto
1174 1393 1356 1432 l’andare
1381 1406 1403 1432 e
1430 1394 1545 1431 venir
1566 1392 1630 1430 dei

61 1459 70 1468 ³
126 1443 338 1486 flattisohe
363 1445 704 1484 alternatamente
730 1456 870 1490 scopre
896 1445 1050 1491 (aperto
1074 1445 1208 1481 mari?
1233 1455 1344 1480 mare
1365 1444 1519 1487 aperto,
1542 1440 1628 1479 cioe

125 1492 200 1532 che
218 1503 335 1540 οντα,
357 1492 432 1532 che
452 1505 606 1540 scopre‚
632 1505 742 1532 come
763 1493 794 1530 si
819 1492 905 1530 dice
927 1492 1041 1530 d'un'
1055 1492 1227 1537 imposta
1247 1491 1408 1536 aperta)
1431 1489 1494 1528 dei
1517 1489 1631 1527 tratti

124 1540 206 1580 alle
229 1540 358 1580 radici
383 1541 448 1580 del
474 1547 622 1580 monte.
653 1541 896 1579 Nell’Aetna
922 1539 944 1578 ὸ
971 1541 1074 1578 fatto
1101 1551 1312 1578 osservare
1341 1539 1415 1576 che
1440 1538 1469 1575 il
1495 1540 1630 1576 monte

39 1624 41 1629 ,
123 1588 264 1628 ειίιιοί
287 1588 396 1637 piedi
415 1589 438 1628 ὸ
458 1592 566 1628 tutto
587 1589 835 1628 foracchiato
862 1601 883 1626 e
905 1587 956 1626 da
978 1588 1088 1626 adito
1110 1588 1149 1625 ai
1175 1587 1300 1625 venti.
1322 1587 1355 1625 E
1373 1586 1465 1624 vedi
1485 1586 1630 1623 Iustin-

46 1648 50 1651 ·
124 1636 186 1676 IV
213 1639 252 1677 1:
277 1641 335 1676 eset
359 1642 491 1676 autem
516 1642 627 1676 terra
652 1639 742 1685 ipsa
762 1637 953 1682 (Siciliae)
980 1638 1112 1675 tenuis
1129 1649 1176 1674 ac
1195 1635 1365 1683 frayilis
1388 1639 1422 1672 et
1444 1636 1630 1672 cavernis

125 1685 364 1734 quibusdam
387 1685 612 1734 fistulisque
637 1688 698 1724 ita
716 1684 979 1733 penetrabilis
1004 1689 1047 1722 ut
1068 1689 1273 1722 ventorum
1300 1687 1382 1722 tota
1404 1682 1529 1730 ferme
1555 1682 1630 1730 fla-

125 1733 232 1772 tibus
253 1738 414 1782 pateat;
447 1746 517 1772 nec
550 1746 630 1772 non
665 1738 702 1772 et
735 1733 898 1780 iynibus
926 1733 1171 1780 yenerandis
1207 1732 1516 1777 nutriendisque
1552 1731 1633 1768 soli

123 1784 144 1820 ι’
199 1784 256 1820 ‘us
289 1782 499 1820 naturalis
528 1784 713 1827 materia,
750 1783 893 1830 quippe
919 1783 1165 1819 intrinsecus
1190 1784 1363 1818 stratum
1399 1779 1565 1826 sulpure
1593 1783 1628 1816 et

89 1871 92 1872 ⁷
150 1831 319 1869 itumine
338 1831 547 1868 traditur:
572 1843 672 1878 quae
697 1842 764 1868 res
787 1829 891 1876 facit
915 1834 960 1867 ut
985 1831 1134 1876 spiritu
1161 1841 1247 1866 cum
1275 1829 1367 1875 iyni
1385 1830 1429 1865 in
1455 1829 1630 1865 materia

125 1878 300 1918 luctante
325 1877 557 1926 frequenter
596 1882 632 1916 et
656 1878 926 1925 compluribus
953 1878 1049 1915 locis
1074 1889 1181 1915 nuuc
1206 1876 1404 1923 flammas,
1429 1887 1537 1913 nuuc
1563 1887 1628 1913 va·

117 1938 268 1974 parem,
293 1939 401 1966 nunc
435 1926 593 1973 fumum
619 1930 776 1964 eructet.
803 1926 897 1964 inde
928 1926 1095 1972 denique
1123 1926 1277 1962 Aetnae
1302 1925 1448 1962 montis
1472 1935 1544 1970 per
1570 1927 1624 1962 tot

123 1975 286 2014 saecula
303 1975 426 2014 durat
445 1975 685 2021 incendium,
708 1978 743 2012 et
764 1974 836 2012 ubi
853 1976 989 2012 acrior
1006 1986 1079 2021 per
1097 1975 1345 2020 spiramenta
1364 1983 1628 2016 cavernarum

122 2027 262 2062 ventus
277 2022 470 2069 incubuit,
492 2023 740 2061 harenarum
760 2023 882 2060 moles
899 2026 1116 2069 eyernntur
1131 2051 1139 2059 .
1154 2051 1162 2059 .
1179 2051 1186 2058 .
1207 2022 1340 2059 eadem
1358 2032 1482 2058 causa
1505 2021 1624 2058 etiam

124 2071 280 2110 Aetnae
301 2075 511 2119 perpetuos
536 2073 648 2118 iynes
668 2070 782 2118 facit.
804 2083 897 2108 nam
919 2082 1118 2117 aquarum
1138 2069 1207 2107 ille
1226 2080 1443 2107 concursus
1464 2071 1625 2114 raptum

124 2131 255 2158 secum
279 2122 470 2167 spiritum
488 2121 533 2157 in
555 2122 678 2157 imum
704 2118 878 2166 fundum
903 2119 1034 2156 trahit
1061 2122 1101 2155 at
1130 2130 1176 2155 ue
1198 2117 1259 2155 ibi
1282 2116 1521 2164 suffocatum
1547 2120 1627 2154 tam

122 2167 196 2206 diu
220 2171 335 2215 tenet,
360 2168 482 2206 donec
508 2180 585 2215 per
609 2169 858 2214 spiramenta
885 2171 1016 2205 terrae
1043 2130 1219 2213 diffusus
1239 2167 1487 2203 nutrimenta
1516 2165 1626 2210 iynis

122 2216 321 2255 incendat.
355 2235 402 2243 —-
427 2215 603 2261 Duuque
630 2215 825 2254 tentando
852 2214 892 2252 di
920 2214 1129 2253 tradurre:
1157 2215 1174 2231 “
1195 2214 1274 2252 Per
1300 2215 1448 2259 questa
1474 2213 1538 2250 via
1567 2211 1625 2256 (di

121 2275 141 2301 s
170 2263 354 2308 elonche)
381 2263 403 2302 ὸ
428 2263 481 2302 da
506 2266 743 2302 ammettere
765 2263 793 2301 il
816 2268 936 2301 vento
957 2274 1134 2308 passare,
1161 2274 1182 2299 e
1209 2261 1469 2300 nell’entrare
1494 2272 1627 2299 racco-

122 2324 149 2358 Β
165 2312 250 2352 iere
275 2313 430 2351 semina
455 2314 574 2359 tynis,
601 2323 725 2350 arena
752 2325 773 2349 e
799 2312 899 2349 sassi
934 2332 970 2336 —
1003 2311 1040 2348 le
1073 2310 1185 2356 quali
1210 2322 1300 2348 cose
1327 2322 1418 2348 seco
1448 2309 1626 2347 traseina

123 2373 146 2399 e
181 2361 384 2406 costringe
421 2371 447 2398 a
480 2365 694 2406 penetrare
731 2372 802 2405 per
830 2359 868 2397 12¹2
902 2359 1003 2398 dove
1038 2358 1066 2396 il
1097 2370 1207 2396 mare
1242 2357 1368 2396 lascia
1405 2356 1578 2402 scoperti
1613 2357 1625 2394 i

121 2408 200 2448 fori
227 2427 271 2435 —
297 2420 321 2447 e
346 2407 480 2447 soffiar
507 2407 717 2453 [soffiarle‘f
743 2408 814 2446 cfr.
837 2407 971 2455 efflare
998 2407 1155 2445 transit,
1182 2406 1222 2444 ΙΙ
1248 2407 1332 2450 8321
1356 2405 1462 2444 fuori
1489 2418 1510 2443 e
1537 2417 1625 2451 per-

121 2455 183 2497 οἱὸ
223 2455 398 2496 sollevar
434 2455 594 2494 flamme
631 2468 654 2494 e
692 2456 845 2494 lanciar
884 2455 985 2493 sassi
1021 2467 1042 2493 e
1078 2454 1259 2492 innalzar
1297 2453 1430 2492 nembi
1475 2452 1514 2490 di
1540 2465 1627 2491 are-

122 2516 186 2544 na.
205 2534 223 2551 „
306 2525 352 2530 -
380 2504 459 2541 7⁰0.
486 2503 716 2549 subiectare,
743 2504 782 2541 in
809 2508 1096 2550 contrapposto
1123 2501 1162 2540 di
1190 2502 1327 2541 tollere
1353 2501 1403 2539 ed
1429 2501 1626 2547 extollere,

120 2553 295 2600 esprime
327 2551 356 2590 il
386 2551 508 2590 molto
535 2551 740 2598 maggiore
777 2551 919 2590 sforzo.
1018 2571 1064 2576 —
1101 2563 1249 2588 arenae
1287 2550 1462 2596 nimbos;
1492 2549 1626 2587 Aetna

121 2613 159 2640 v.
185 2602 272 2640 199:
298 2600 476 2639 Pellitur
501 2601 716 2639 exhaustae
739 2601 993 2646 ylomeratz‘m
1016 2599 1175 2638 nimbus
1197 2611 1357 2645 arenae,
1382 2597 1626 2644 Flam-antes

114 2653 338 2697 properant
363 2649 484 2688 moles
510 2652 585 2687 etc.

129 2724 134 2727 -
217 2697 385 2735 voa-711.
420 2697 536 2735 Delle
569 2696 823 2735 inondazioni
863 2696 990 2734 estive
1030 2694 1092 2734 del
1131 2695 1224 2734 Nilo
1262 2707 1341 2733 non
1377 2693 1398 2731 ὲ
1431 2698 1543 2732 certa
1585 2692 1625 2731 la

119 2756 265 2792 eanum
292 2744 441 2791 epperb
466 2745 656 2783 Lucrezio
678 2747 874 2791 premette
896 2745 964 2790 qui
985 2744 1058 2782 che
1078 2743 1119 2781 in
1146 2743 1244 2782 certi
1267 2742 1349 2781 casi
1373 2755 1449 2781 non
1479 2742 1511 2780 si
1532 2740 1624 2788 pub,
