<?xml version="1.0" encoding="UTF-8"?>
<!DOCTYPE html PUBLIC "-//W3C//DTD XHTML 1.0 Transitional//EN"
    "http://www.w3.org/TR/xhtml1/DTD/xhtml1-transitional.dtd">
<html xmlns="http://www.w3.org/1999/xhtml" xml:lang="en" lang="en">
 <head>
  <title>
</title>
<meta http-equiv="Content-Type" content="text/html;charset=utf-8" />
  <meta name='ocr-system' content='tesseract 3.04.00' />
  <meta name='ocr-capabilities' content='ocr_page ocr_carea ocr_par ocr_line ocrx_word'/>
</head>
<body>
  <div class='ocr_page' id='page_1' title='image "./dererumnaturalib03lucruoft_0012.png"; bbox 0 0 1872 3002; ppageno 0'>
   <div class='ocr_carea' id='block_1_1' title="bbox 335 203 1402 261">
    <p class='ocr_par' dir='ltr' id='par_1_1' title="bbox 335 203 1402 261">
     <span class='ocr_line' id='line_1_1' title="bbox 335 203 1402 261; baseline -0.009 0"><span class='ocrx_word' id='word_1_1' title='bbox 335 219 362 261; x_wconf 88' lang='lat'>4</span> <span class='ocrx_word' id='word_1_2' title='bbox 745 211 831 259; x_wconf 88' lang='lat' dir='ltr'>DE</span> <span class='ocrx_word' id='word_1_3' title='bbox 862 207 1093 259; x_wconf 82' lang='lat' dir='ltr'>RERUM</span> <span class='ocrx_word' id='word_1_4' title='bbox 1124 203 1402 255; x_wconf 84' lang='lat' dir='ltr'><strong>NATURA</strong></span> 
     </span>
    </p>
   </div>
   <div class='ocr_carea' id='block_1_2' title="bbox 290 292 1742 693">
    <p class='ocr_par' dir='ltr' id='par_1_2' title="bbox 364 292 1742 566">
     <span class='ocr_line' id='line_1_2' title="bbox 365 292 1738 369; baseline -0.012 -13"><span class='ocrx_word' id='word_1_5' title='bbox 365 309 485 369; x_wconf 93' lang='lat' dir='ltr'>quod</span> <span class='ocrx_word' id='word_1_6' title='bbox 516 312 560 355; x_wconf 90' lang='lat' dir='ltr'>te</span> <span class='ocrx_word' id='word_1_7' title='bbox 592 307 766 354; x_wconf 83' lang='lat' dir='ltr'>imitari</span> <span class='ocrx_word' id='word_1_8' title='bbox 797 321 931 353; x_wconf 86' lang='lat' dir='ltr'>aveo:</span> <span class='ocrx_word' id='word_1_9' title='bbox 965 303 1075 364; x_wconf 86' lang='lat' dir='ltr'>quid</span> <span class='ocrx_word' id='word_1_10' title='bbox 1107 302 1228 350; x_wconf 91' lang='lat' dir='ltr'>enim</span> <span class='ocrx_word' id='word_1_11' title='bbox 1260 297 1505 348; x_wconf 76' lang='lat' dir='ltr'>contendat</span> <span class='ocrx_word' id='word_1_12' title='bbox 1535 292 1738 368; x_wconf 43' lang='lat' dir='ltr'>hirundo·</span> 
     </span>
     <span class='ocr_line' id='line_1_3' title="bbox 365 359 1742 434; baseline -0.012 -12"><span class='ocrx_word' id='word_1_13' title='bbox 365 374 532 434; x_wconf 78' lang='lat' dir='ltr'>cycnis,</span> <span class='ocrx_word' id='word_1_14' title='bbox 565 381 646 420; x_wconf 88' lang='lat' dir='ltr'>aut</span> <span class='ocrx_word' id='word_1_15' title='bbox 678 372 786 432; x_wconf 92' lang='lat' dir='ltr'>quid</span> <span class='ocrx_word' id='word_1_16' title='bbox 820 388 927 418; x_wconf 89' lang='lat' dir='ltr'>nam</span> <span class='ocrx_word' id='word_1_17' title='bbox 959 369 1170 417; x_wconf 77' lang='lat' dir='ltr'>tremulis</span> <span class='ocrx_word' id='word_1_18' title='bbox 1201 368 1350 414; x_wconf 86' lang='lat' dir='ltr'>facere</span> <span class='ocrx_word' id='word_1_19' title='bbox 1382 363 1576 411; x_wconf 84' lang='lat' dir='ltr'>artubus</span> <span class='ocrx_word' id='word_1_20' title='bbox 1606 359 1742 407; x_wconf 81' lang='lat' dir='ltr'>haedi</span> 
     </span>
     <span class='ocr_line' id='line_1_4' title="bbox 365 428 1558 502; baseline -0.012 -14"><span class='ocrx_word' id='word_1_21' title='bbox 365 440 597 488; x_wconf 79' lang='lat' dir='ltr'>consimile</span> <span class='ocrx_word' id='word_1_22' title='bbox 628 439 676 486; x_wconf 87' lang='lat' dir='ltr'>in</span> <span class='ocrx_word' id='word_1_23' title='bbox 708 454 843 486; x_wconf 87' lang='lat' dir='ltr'>cursu</span> <span class='ocrx_word' id='word_1_24' title='bbox 875 437 1048 496; x_wconf 77' lang='lat' dir='ltr'>possint</span> <span class='ocrx_word' id='word_1_25' title='bbox 1080 440 1123 482; x_wconf 90' lang='lat' dir='ltr'>et</span> <span class='ocrx_word' id='word_1_26' title='bbox 1154 433 1286 482; x_wconf 85' lang='lat' dir='ltr'>fortis</span> <span class='ocrx_word' id='word_1_27' title='bbox 1317 431 1423 490; x_wconf 86' lang='lat' dir='ltr'>equi</span> <span class='ocrx_word' id='word_1_28' title='bbox 1453 428 1558 502; x_wconf 80' lang='lat' dir='ltr'>vis?</span> 
     </span>
     <span class='ocr_line' id='line_1_5' title="bbox 364 494 1625 566; baseline -0.011 -13"><span class='ocrx_word' id='word_1_29' title='bbox 364 511 428 565; x_wconf 81' lang='lat' dir='ltr'>tn,</span> <span class='ocrx_word' id='word_1_30' title='bbox 461 509 590 565; x_wconf 86' lang='lat' dir='ltr'>pater</span> <span class='ocrx_word' id='word_1_31' title='bbox 621 521 679 562; x_wconf 87' lang='lat' dir='ltr'>es,</span> <span class='ocrx_word' id='word_1_32' title='bbox 713 519 867 550; x_wconf 84' lang='lat' dir='ltr'>rerum</span> <span class='ocrx_word' id='word_1_33' title='bbox 898 502 1124 559; x_wconf 76' lang='lat' dir='ltr'>inventor,</span> <span class='ocrx_word' id='word_1_34' title='bbox 1157 505 1209 547; x_wconf 91' lang='lat' dir='ltr'>tu</span> <span class='ocrx_word' id='word_1_35' title='bbox 1239 497 1392 557; x_wconf 87' lang='lat' dir='ltr'>patria</span> <span class='ocrx_word' id='word_1_36' title='bbox 1423 494 1553 542; x_wconf 79' lang='lat' dir='ltr'>nobis</span> <span class='ocrx_word' id='word_1_37' title='bbox 1616 557 1625 566; x_wconf 32' lang='grc' dir='ltr'>ι</span> 
     </span>
    </p>

    <p class='ocr_par' dir='ltr' id='par_1_3' title="bbox 290 559 1665 693">
     <span class='ocr_line' id='line_1_6' title="bbox 290 559 1665 630; baseline -0.009 -13"><span class='ocrx_word' id='word_1_38' title='bbox 290 583 334 619; x_wconf 89' lang='grc'>10</span> <span class='ocrx_word' id='word_1_39' title='bbox 365 570 626 630; x_wconf 81' lang='lat' dir='ltr'>suppeditas</span> <span class='ocrx_word' id='word_1_40' title='bbox 659 573 912 629; x_wconf 78' lang='lat' dir='ltr'>praecepta,</span> <span class='ocrx_word' id='word_1_41' title='bbox 944 567 1126 626; x_wconf 86' lang='lat' dir='ltr'>tuisque</span> <span class='ocrx_word' id='word_1_42' title='bbox 1158 582 1228 619; x_wconf 80' lang='lat' dir='ltr'>ex,</span> <span class='ocrx_word' id='word_1_43' title='bbox 1261 563 1447 619; x_wconf 86' lang='lat' dir='ltr'>inclute,</span> <span class='ocrx_word' id='word_1_44' title='bbox 1481 559 1665 616; x_wconf 76' lang='lat' dir='ltr'>chartis,</span> 
     </span>
     <span class='ocr_line' id='line_1_7' title="bbox 362 628 1473 693; baseline -0.009 -10"><span class='ocrx_word' id='word_1_45' title='bbox 362 635 572 683; x_wconf 85' lang='lat' dir='ltr'>floriferis</span> <span class='ocrx_word' id='word_1_46' title='bbox 604 639 654 681; x_wconf 92' lang='lat' dir='ltr'>ut</span> <span class='ocrx_word' id='word_1_47' title='bbox 686 650 793 693; x_wconf 91' lang='lat' dir='ltr'>apes</span> <span class='ocrx_word' id='word_1_48' title='bbox 823 634 873 680; x_wconf 91' lang='lat' dir='ltr'>in</span> <span class='ocrx_word' id='word_1_49' title='bbox 904 631 1097 679; x_wconf 84' lang='lat' dir='ltr'>saltibus</span> <span class='ocrx_word' id='word_1_50' title='bbox 1129 629 1284 678; x_wconf 85' lang='lat' dir='ltr'>omnia</span> <span class='ocrx_word' id='word_1_51' title='bbox 1313 628 1473 684; x_wconf 87' lang='lat' dir='ltr'>libant,</span> 
     </span>
    </p>
   </div>
   <div class='ocr_carea' id='block_1_3' title="bbox 338 770 618 775">
    <p class='ocr_par' dir='ltr' id='par_1_4' title="bbox 338 770 618 775">
     <span class='ocr_line' id='line_1_8' title="bbox 338 770 618 775; baseline 0 0"><span class='ocrx_word' id='word_1_52' title='bbox 338 770 618 775; x_wconf 95' lang='lat' dir='ltr'> </span> 
     </span>
    </p>
   </div>
   <div class='ocr_carea' id='block_1_4' title="bbox 335 833 1823 944">
    <p class='ocr_par' dir='ltr' id='par_1_5' title="bbox 335 833 1823 944">
     <span class='ocr_line' id='line_1_9' title="bbox 335 833 1822 888; baseline -0.007 -6"><span class='ocrx_word' id='word_1_53' title='bbox 335 848 430 882; x_wconf 83' lang='lat' dir='ltr'>nata</span> <span class='ocrx_word' id='word_1_54' title='bbox 460 843 499 882; x_wconf 86' lang='lat' dir='ltr'>la</span> <span class='ocrx_word' id='word_1_55' title='bbox 526 844 591 882; x_wconf 85' lang='lat' dir='ltr'>via</span> <span class='ocrx_word' id='word_1_56' title='bbox 617 844 750 881; x_wconf 85' lang='lat' dir='ltr'>sicura</span> <span class='ocrx_word' id='word_1_57' title='bbox 778 843 858 881; x_wconf 84' lang='lat' dir='ltr'>alla</span> <span class='ocrx_word' id='word_1_58' title='bbox 884 841 1056 880; x_wconf 72' lang='lat' dir='ltr'>felicita:</span> <span class='ocrx_word' id='word_1_59' title='bbox 1093 839 1190 888; x_wconf 65' lang='lat' dir='ltr'>eioc,</span> <span class='ocrx_word' id='word_1_60' title='bbox 1224 839 1292 878; x_wconf 85' lang='lat' dir='ltr'>hai</span> <span class='ocrx_word' id='word_1_61' title='bbox 1319 838 1510 883; x_wconf 83' lang='lat' dir='ltr'>dissipato</span> <span class='ocrx_word' id='word_1_62' title='bbox 1542 836 1555 874; x_wconf 86' lang='lat' dir='ltr'>i</span> <span class='ocrx_word' id='word_1_63' title='bbox 1580 835 1725 874; x_wconf 85' lang='lat' dir='ltr'>terrori</span> <span class='ocrx_word' id='word_1_64' title='bbox 1750 833 1822 872; x_wconf 87' lang='lat' dir='ltr'>che</span> 
     </span>
     <span class='ocr_line' id='line_1_10' title="bbox 335 889 1823 944; baseline -0.007 -8"><span class='ocrx_word' id='word_1_65' title='bbox 335 898 565 944; x_wconf 82' lang='lat' dir='ltr'>opprimono</span> <span class='ocrx_word' id='word_1_66' title='bbox 601 897 766 935; x_wconf 86' lang='lat' dir='ltr'>l’anima</span> <span class='ocrx_word' id='word_1_67' title='bbox 800 897 864 934; x_wconf 87' lang='lat' dir='ltr'>dei</span> <span class='ocrx_word' id='word_1_68' title='bbox 895 896 1065 939; x_wconf 82' lang='lat' dir='ltr'>mortali,</span> <span class='ocrx_word' id='word_1_69' title='bbox 1100 895 1129 932; x_wconf 92' lang='lat' dir='ltr'>il</span> <span class='ocrx_word' id='word_1_70' title='bbox 1163 897 1294 932; x_wconf 82' lang='lat' dir='ltr'>terror</span> <span class='ocrx_word' id='word_1_71' title='bbox 1327 891 1432 938; x_wconf 85' lang='lat' dir='ltr'>degli</span> <span class='ocrx_word' id='word_1_72' title='bbox 1464 890 1529 928; x_wconf 90' lang='lat' dir='ltr'>dei</span> <span class='ocrx_word' id='word_1_73' title='bbox 1562 902 1583 927; x_wconf 89' lang='lat' dir='ltr'>e</span> <span class='ocrx_word' id='word_1_74' title='bbox 1612 889 1642 926; x_wconf 92' lang='lat' dir='ltr'>il</span> <span class='ocrx_word' id='word_1_75' title='bbox 1670 891 1823 926; x_wconf 84' lang='lat' dir='ltr'>terrore</span> 
     </span>
    </p>
   </div>
   <div class='ocr_carea' id='block_1_5' title="bbox 334 947 1827 1596">
    <p class='ocr_par' dir='ltr' id='par_1_6' title="bbox 334 947 1827 1596">
     <span class='ocr_line' id='line_1_11' title="bbox 335 947 1823 1000; baseline -0.007 -5"><span class='ocrx_word' id='word_1_76' title='bbox 335 958 440 995; x_wconf 86' lang='lat' dir='ltr'>della</span> <span class='ocrx_word' id='word_1_77' title='bbox 464 958 549 995; x_wconf 85' lang='lat' dir='ltr'>vita</span> <span class='ocrx_word' id='word_1_78' title='bbox 575 957 715 995; x_wconf 81' lang='lat' dir='ltr'>d&#39;oltre</span> <span class='ocrx_word' id='word_1_79' title='bbox 742 956 889 1000; x_wconf 87' lang='lat' dir='ltr'>tomba,</span> <span class='ocrx_word' id='word_1_80' title='bbox 916 968 989 994; x_wconf 89' lang='lat' dir='ltr'>con</span> <span class='ocrx_word' id='word_1_81' title='bbox 1014 955 1053 993; x_wconf 97' lang='grc'>10</span> <span class='ocrx_word' id='word_1_82' title='bbox 1080 953 1268 999; x_wconf 79' lang='lat' dir='ltr'>scoprirci</span> <span class='ocrx_word' id='word_1_83' title='bbox 1292 952 1318 990; x_wconf 82' lang='lat' dir='ltr'>l’</span> <span class='ocrx_word' id='word_1_84' title='bbox 1333 951 1487 989; x_wconf 88' lang='lat' dir='ltr'>infinito</span> <span class='ocrx_word' id='word_1_85' title='bbox 1509 949 1697 987; x_wconf 77' lang='lat' dir='ltr'>universo</span> <span class='ocrx_word' id='word_1_86' title='bbox 1723 961 1745 987; x_wconf 89' lang='lat' dir='ltr'>e</span> <span class='ocrx_word' id='word_1_87' title='bbox 1763 947 1823 986; x_wconf 91' lang='lat' dir='ltr'>col</span> 
     </span>
     <span class='ocr_line' id='line_1_12' title="bbox 335 1005 1825 1060; baseline -0.007 -6"><span class='ocrx_word' id='word_1_88' title='bbox 335 1017 540 1055; x_wconf 84' lang='lat' dir='ltr'>mostrarci</span> <span class='ocrx_word' id='word_1_89' title='bbox 567 1016 638 1053; x_wconf 88' lang='lat' dir='ltr'>che</span> <span class='ocrx_word' id='word_1_90' title='bbox 665 1016 720 1060; x_wconf 85' lang='lat' dir='ltr'>gli</span> <span class='ocrx_word' id='word_1_91' title='bbox 746 1015 810 1052; x_wconf 87' lang='lat' dir='ltr'>dei</span> <span class='ocrx_word' id='word_1_92' title='bbox 835 1017 978 1052; x_wconf 73' lang='lat' dir='ltr'>stanno</span> <span class='ocrx_word' id='word_1_93' title='bbox 1005 1014 1111 1051; x_wconf 85' lang='lat' dir='ltr'>fuori</span> <span class='ocrx_word' id='word_1_94' title='bbox 1137 1013 1175 1050; x_wconf 91' lang='lat' dir='ltr'>di</span> <span class='ocrx_word' id='word_1_95' title='bbox 1203 1014 1342 1058; x_wconf 87' lang='lat' dir='ltr'>questo</span> <span class='ocrx_word' id='word_1_96' title='bbox 1369 1009 1513 1048; x_wconf 88' lang='lat' dir='ltr'>mondo</span> <span class='ocrx_word' id='word_1_97' title='bbox 1538 1010 1576 1053; x_wconf 90' lang='grc'>(6</span> <span class='ocrx_word' id='word_1_98' title='bbox 1597 1020 1668 1046; x_wconf 86' lang='lat' dir='ltr'>son</span> <span class='ocrx_word' id='word_1_99' title='bbox 1686 1005 1825 1053; x_wconf 84' lang='lat' dir='ltr'>quindi</span> 
     </span>
     <span class='ocr_line' id='line_1_13' title="bbox 334 1066 1824 1117; baseline -0.007 -3"><span class='ocrx_word' id='word_1_100' title='bbox 334 1076 509 1114; x_wconf 84' lang='lat' dir='ltr'>estranei</span> <span class='ocrx_word' id='word_1_101' title='bbox 534 1088 558 1113; x_wconf 87' lang='lat' dir='ltr'>a</span> <span class='ocrx_word' id='word_1_102' title='bbox 584 1078 689 1113; x_wconf 87' lang='lat' dir='ltr'>tutto</span> <span class='ocrx_word' id='word_1_103' title='bbox 724 1075 796 1112; x_wconf 85' lang='lat' dir='ltr'>che</span> <span class='ocrx_word' id='word_1_104' title='bbox 831 1074 1000 1112; x_wconf 85' lang='lat' dir='ltr'>avviene</span> <span class='ocrx_word' id='word_1_105' title='bbox 1035 1085 1059 1110; x_wconf 85' lang='lat' dir='ltr'>a</span> <span class='ocrx_word' id='word_1_106' title='bbox 1085 1074 1225 1117; x_wconf 85' lang='lat' dir='ltr'>questo</span> <span class='ocrx_word' id='word_1_107' title='bbox 1261 1069 1439 1114; x_wconf 78' lang='lat' dir='ltr'>mondo);</span> <span class='ocrx_word' id='word_1_108' title='bbox 1472 1081 1493 1106; x_wconf 88' lang='grc'>6</span> <span class='ocrx_word' id='word_1_109' title='bbox 1529 1068 1602 1106; x_wconf 91' lang='lat' dir='ltr'>che</span> <span class='ocrx_word' id='word_1_110' title='bbox 1635 1066 1685 1105; x_wconf 78' lang='lat' dir='ltr'>ne</span> <span class='ocrx_word' id='word_1_111' title='bbox 1720 1068 1824 1105; x_wconf 85' lang='lat' dir='ltr'>sotto</span> 
     </span>
     <span class='ocr_line' id='line_1_14' title="bbox 336 1125 1826 1179; baseline -0.006 -6"><span class='ocrx_word' id='word_1_112' title='bbox 336 1138 444 1174; x_wconf 86' lang='lat' dir='ltr'>terra</span> <span class='ocrx_word' id='word_1_113' title='bbox 470 1134 520 1172; x_wconf 75' lang='lat' dir='ltr'>ne</span> <span class='ocrx_word' id='word_1_114' title='bbox 546 1135 587 1172; x_wconf 88' lang='lat' dir='ltr'>in</span> <span class='ocrx_word' id='word_1_115' title='bbox 611 1147 760 1172; x_wconf 84' lang='lat' dir='ltr'>ncssun</span> <span class='ocrx_word' id='word_1_116' title='bbox 786 1134 904 1179; x_wconf 86' lang='lat' dir='ltr'>luogo</span> <span class='ocrx_word' id='word_1_117' title='bbox 931 1133 1049 1171; x_wconf 84' lang='lat' dir='ltr'>esiste</span> <span class='ocrx_word' id='word_1_118' title='bbox 1075 1145 1156 1170; x_wconf 86' lang='lat' dir='ltr'>una</span> <span class='ocrx_word' id='word_1_119' title='bbox 1182 1131 1274 1169; x_wconf 84' lang='lat' dir='ltr'>sede</span> <span class='ocrx_word' id='word_1_120' title='bbox 1301 1130 1365 1168; x_wconf 87' lang='lat' dir='ltr'>dei</span> <span class='ocrx_word' id='word_1_121' title='bbox 1387 1128 1513 1168; x_wconf 85' lang='lat' dir='ltr'>morti.</span> <span class='ocrx_word' id='word_1_122' title='bbox 1531 1155 1547 1173; x_wconf 84' lang='lat'>„</span> <span class='ocrx_word' id='word_1_123' title='bbox 1576 1127 1724 1172; x_wconf 82' lang='lat' dir='ltr'>Questo</span> <span class='ocrx_word' id='word_1_124' title='bbox 1749 1125 1771 1164; x_wconf 74' lang='grc' dir='ltr'>ὲ</span> <span class='ocrx_word' id='word_1_125' title='bbox 1796 1126 1826 1163; x_wconf 90' lang='lat' dir='ltr'>il</span> 
     </span>
     <span class='ocr_line' id='line_1_15' title="bbox 336 1187 1825 1239; baseline -0.006 -7"><span class='ocrx_word' id='word_1_126' title='bbox 336 1195 518 1239; x_wconf 83' lang='lat' dir='ltr'>pensiero</span> <span class='ocrx_word' id='word_1_127' title='bbox 541 1207 561 1232; x_wconf 89' lang='grc'>6</span> <span class='ocrx_word' id='word_1_128' title='bbox 579 1194 618 1231; x_wconf 86' lang='grc'>16</span> <span class='ocrx_word' id='word_1_129' title='bbox 637 1193 895 1231; x_wconf 87' lang='lat' dir='ltr'>conncssione</span> <span class='ocrx_word' id='word_1_130' title='bbox 913 1192 1223 1230; x_wconf 86' lang='lat' dir='ltr'>fondamentalc.</span> <span class='ocrx_word' id='word_1_131' title='bbox 1241 1189 1355 1233; x_wconf 78' lang='lat' dir='ltr'>Pero,</span> <span class='ocrx_word' id='word_1_132' title='bbox 1374 1202 1415 1226; x_wconf 84' lang='lat' dir='ltr'>se</span> <span class='ocrx_word' id='word_1_133' title='bbox 1435 1187 1642 1234; x_wconf 83' lang='lat' dir='ltr'>dapprima</span> <span class='ocrx_word' id='word_1_134' title='bbox 1662 1187 1689 1224; x_wconf 90' lang='lat' dir='ltr'>il</span> <span class='ocrx_word' id='word_1_135' title='bbox 1706 1188 1825 1232; x_wconf 85' lang='lat' dir='ltr'>poeta</span> 
     </span>
     <span class='ocr_line' id='line_1_16' title="bbox 336 1246 1825 1300; baseline -0.005 -8"><span class='ocrx_word' id='word_1_136' title='bbox 336 1254 358 1292; x_wconf 76' lang='lat' dir='ltr'>e</span> <span class='ocrx_word' id='word_1_137' title='bbox 384 1256 609 1300; x_wconf 81' lang='lat' dir='ltr'>sopratutto</span> <span class='ocrx_word' id='word_1_138' title='bbox 642 1265 845 1299; x_wconf 84' lang='lat' dir='ltr'>compreso</span> <span class='ocrx_word' id='word_1_139' title='bbox 879 1253 943 1290; x_wconf 83' lang='grc'>(161</span> <span class='ocrx_word' id='word_1_140' title='bbox 975 1264 1075 1297; x_wconf 86' lang='lat' dir='ltr'>gran</span> <span class='ocrx_word' id='word_1_141' title='bbox 1110 1250 1305 1289; x_wconf 86' lang='lat' dir='ltr'>beneficio</span> <span class='ocrx_word' id='word_1_142' title='bbox 1342 1250 1445 1287; x_wconf 82' lang='lat' dir='ltr'>fatto</span> <span class='ocrx_word' id='word_1_143' title='bbox 1482 1248 1564 1293; x_wconf 82' lang='lat' dir='ltr'>agli</span> <span class='ocrx_word' id='word_1_144' title='bbox 1588 1246 1739 1289; x_wconf 81' lang='lat' dir='ltr'>nomini</span> <span class='ocrx_word' id='word_1_145' title='bbox 1775 1246 1825 1283; x_wconf 84' lang='lat' dir='ltr'>da</span> 
     </span>
     <span class='ocr_line' id='line_1_17' title="bbox 335 1305 1825 1360; baseline -0.005 -9"><span class='ocrx_word' id='word_1_146' title='bbox 335 1314 519 1360; x_wconf 84' lang='lat' dir='ltr'>Epicuro,</span> <span class='ocrx_word' id='word_1_147' title='bbox 540 1314 616 1358; x_wconf 85' lang='lat' dir='ltr'>poi,</span> <span class='ocrx_word' id='word_1_148' title='bbox 643 1313 748 1351; x_wconf 84' lang='lat' dir='ltr'>nello</span> <span class='ocrx_word' id='word_1_149' title='bbox 770 1313 926 1358; x_wconf 81' lang='lat' dir='ltr'>spaziar</span> <span class='ocrx_word' id='word_1_150' title='bbox 947 1312 1051 1349; x_wconf 86' lang='lat' dir='ltr'>dello</span> <span class='ocrx_word' id='word_1_151' title='bbox 1078 1310 1251 1356; x_wconf 85' lang='lat' dir='ltr'>sguardo</span> <span class='ocrx_word' id='word_1_152' title='bbox 1272 1322 1343 1355; x_wconf 85' lang='lat' dir='ltr'>per</span> <span class='ocrx_word' id='word_1_153' title='bbox 1363 1309 1402 1347; x_wconf 94' lang='grc'>16</span> <span class='ocrx_word' id='word_1_154' title='bbox 1426 1308 1512 1347; x_wconf 82' lang='lat' dir='ltr'>sedi</span> <span class='ocrx_word' id='word_1_155' title='bbox 1523 1305 1825 1346; x_wconf 59' lang='lat' dir='ltr'>&lt;intermondiali</span> 
     </span>
     <span class='ocr_line' id='line_1_18' title="bbox 336 1364 1825 1418; baseline -0.005 -8"><span class='ocrx_word' id='word_1_156' title='bbox 336 1372 442 1418; x_wconf 86' lang='lat' dir='ltr'>degli</span> <span class='ocrx_word' id='word_1_157' title='bbox 467 1372 531 1410; x_wconf 80' lang='lat' dir='ltr'>dci</span> <span class='ocrx_word' id='word_1_158' title='bbox 564 1385 586 1410; x_wconf 93' lang='grc'>6</span> <span class='ocrx_word' id='word_1_159' title='bbox 612 1384 683 1418; x_wconf 84' lang='lat' dir='ltr'>per</span> <span class='ocrx_word' id='word_1_160' title='bbox 708 1371 733 1409; x_wconf 92' lang='lat' dir='ltr'>l’</span> <span class='ocrx_word' id='word_1_161' title='bbox 745 1372 901 1409; x_wconf 85' lang='lat' dir='ltr'>infinito</span> <span class='ocrx_word' id='word_1_162' title='bbox 935 1383 1084 1409; x_wconf 88' lang='lat' dir='ltr'>oceano</span> <span class='ocrx_word' id='word_1_163' title='bbox 1112 1369 1282 1408; x_wconf 86' lang='lat' dir='ltr'>atomico</span> <span class='ocrx_word' id='word_1_164' title='bbox 1304 1381 1326 1407; x_wconf 94' lang='lat' dir='ltr'>e</span> <span class='ocrx_word' id='word_1_165' title='bbox 1358 1367 1586 1414; x_wconf 86' lang='lat' dir='ltr'>arcipelago</span> <span class='ocrx_word' id='word_1_166' title='bbox 1611 1365 1652 1404; x_wconf 89' lang='lat' dir='ltr'>di</span> <span class='ocrx_word' id='word_1_167' title='bbox 1679 1364 1825 1409; x_wconf 74' lang='lat' dir='ltr'>mnndi,</span> 
     </span>
     <span class='ocr_line' id='line_1_19' title="bbox 335 1425 1827 1477; baseline -0.005 -7"><span class='ocrx_word' id='word_1_168' title='bbox 335 1432 357 1469; x_wconf 78' lang='lat' dir='ltr'>e</span> <span class='ocrx_word' id='word_1_169' title='bbox 378 1433 417 1469; x_wconf 88' lang='lat' dir='ltr'>la</span> <span class='ocrx_word' id='word_1_170' title='bbox 436 1431 638 1470; x_wconf 53' lang='lat' dir='ltr'>sublimitat</span> <span class='ocrx_word' id='word_1_171' title='bbox 666 1432 705 1469; x_wconf 91' lang='lat' dir='ltr'>di</span> <span class='ocrx_word' id='word_1_172' title='bbox 736 1437 877 1477; x_wconf 86' lang='lat' dir='ltr'>questo</span> <span class='ocrx_word' id='word_1_173' title='bbox 906 1431 1127 1476; x_wconf 85' lang='lat' dir='ltr'>spettacolo</span> <span class='ocrx_word' id='word_1_174' title='bbox 1157 1430 1229 1468; x_wconf 91' lang='lat' dir='ltr'>che</span> <span class='ocrx_word' id='word_1_175' title='bbox 1254 1441 1405 1475; x_wconf 87' lang='lat' dir='ltr'>occupa</span> <span class='ocrx_word' id='word_1_176' title='bbox 1435 1430 1544 1466; x_wconf 84' lang='lat' dir='ltr'>tutta</span> <span class='ocrx_word' id='word_1_177' title='bbox 1566 1427 1591 1464; x_wconf 91' lang='lat' dir='ltr'>l’</span> <span class='ocrx_word' id='word_1_178' title='bbox 1602 1425 1737 1470; x_wconf 82' lang='lat' dir='ltr'>anima</span> <span class='ocrx_word' id='word_1_179' title='bbox 1761 1425 1827 1464; x_wconf 90' lang='lat' dir='ltr'>del</span> 
     </span>
     <span class='ocr_line' id='line_1_20' title="bbox 336 1486 1827 1537; baseline -0.003 -8"><span class='ocrx_word' id='word_1_180' title='bbox 336 1497 468 1537; x_wconf 86' lang='lat' dir='ltr'>poeta.</span> <span class='ocrx_word' id='word_1_181' title='bbox 489 1492 818 1529; x_wconf 84' lang='lat' dir='ltr'>L’ammirazione</span> <span class='ocrx_word' id='word_1_182' title='bbox 840 1491 993 1536; x_wconf 69' lang='lat' dir='ltr'>edissa,</span> <span class='ocrx_word' id='word_1_183' title='bbox 1013 1502 1085 1536; x_wconf 87' lang='lat' dir='ltr'>per</span> <span class='ocrx_word' id='word_1_184' title='bbox 1107 1502 1163 1527; x_wconf 91' lang='lat' dir='ltr'>un</span> <span class='ocrx_word' id='word_1_185' title='bbox 1183 1493 1394 1536; x_wconf 83' lang='lat' dir='ltr'>momento,</span> <span class='ocrx_word' id='word_1_186' title='bbox 1414 1489 1454 1526; x_wconf 87' lang='lat' dir='ltr'>la</span> <span class='ocrx_word' id='word_1_187' title='bbox 1472 1486 1636 1534; x_wconf 69' lang='lat' dir='ltr'>felicita,</span> <span class='ocrx_word' id='word_1_188' title='bbox 1663 1487 1691 1524; x_wconf 85' lang='lat' dir='ltr'>il</span> <span class='ocrx_word' id='word_1_189' title='bbox 1711 1498 1827 1527; x_wconf 81' lang='lat' dir='ltr'>senso</span> 
     </span>
     <span class='ocr_line' id='line_1_21' title="bbox 337 1550 1006 1596; baseline -0.001 -8"><span class='ocrx_word' id='word_1_190' title='bbox 337 1551 557 1589; x_wconf 89' lang='lat' dir='ltr'>scientifico</span> <span class='ocrx_word' id='word_1_191' title='bbox 583 1550 608 1587; x_wconf 87' lang='lat'>1&#39;</span> <span class='ocrx_word' id='word_1_192' title='bbox 620 1551 814 1589; x_wconf 84' lang='lat' dir='ltr'>interesse</span> <span class='ocrx_word' id='word_1_193' title='bbox 840 1550 1006 1596; x_wconf 86' lang='lat' dir='ltr'>pratico.</span> 
     </span>
    </p>
   </div>
   <div class='ocr_carea' id='block_1_6' title="bbox 337 1622 1827 2435">
    <p class='ocr_par' dir='ltr' id='par_1_7' title="bbox 337 1622 1827 2435">
     <span class='ocr_line' id='line_1_22' title="bbox 434 1622 1822 1674; baseline -0.001 -12"><span class='ocrx_word' id='word_1_194' title='bbox 434 1629 501 1666; x_wconf 73' lang='lat'>12.</span> <span class='ocrx_word' id='word_1_195' title='bbox 527 1628 567 1666; x_wconf 82' lang='lat' dir='ltr'><em>E</em></span> <span class='ocrx_word' id='word_1_196' title='bbox 582 1629 749 1666; x_wconf 72' lang='lat' dir='ltr'>tenebris</span> <span class='ocrx_word' id='word_1_197' title='bbox 771 1630 919 1674; x_wconf 77' lang='lat' dir='ltr'>tantis,·</span> <span class='ocrx_word' id='word_1_198' title='bbox 938 1627 1131 1665; x_wconf 86' lang='lat' dir='ltr'>Lucrezio</span> <span class='ocrx_word' id='word_1_199' title='bbox 1152 1639 1277 1672; x_wconf 84' lang='lat' dir='ltr'>pensa</span> <span class='ocrx_word' id='word_1_200' title='bbox 1302 1627 1528 1671; x_wconf 82' lang='lat' dir='ltr'>sopratutto</span> <span class='ocrx_word' id='word_1_201' title='bbox 1550 1624 1628 1662; x_wconf 88' lang='lat' dir='ltr'>alle</span> <span class='ocrx_word' id='word_1_202' title='bbox 1650 1622 1822 1662; x_wconf 81' lang='lat' dir='ltr'>fantasie</span> 
     </span>
     <span class='ocr_line' id='line_1_23' title="bbox 337 1673 1824 1719; baseline -0.003 -5"><span class='ocrx_word' id='word_1_203' title='bbox 337 1675 596 1719; x_wconf 83' lang='lat' dir='ltr'>idealistiche‚</span> <span class='ocrx_word' id='word_1_204' title='bbox 623 1689 644 1714; x_wconf 93' lang='lat' dir='ltr'>e</span> <span class='ocrx_word' id='word_1_205' title='bbox 670 1675 749 1713; x_wconf 86' lang='lat' dir='ltr'>alle</span> <span class='ocrx_word' id='word_1_206' title='bbox 775 1676 955 1713; x_wconf 83' lang='lat' dir='ltr'>mistiche</span> <span class='ocrx_word' id='word_1_207' title='bbox 982 1675 1106 1712; x_wconf 86' lang='lat' dir='ltr'>teorie</span> <span class='ocrx_word' id='word_1_208' title='bbox 1128 1675 1267 1712; x_wconf 84' lang='lat' dir='ltr'>morali</span> <span class='ocrx_word' id='word_1_209' title='bbox 1298 1674 1371 1712; x_wconf 87' lang='lat' dir='ltr'>che</span> <span class='ocrx_word' id='word_1_210' title='bbox 1397 1673 1438 1711; x_wconf 87' lang='lat' dir='ltr'>vi</span> <span class='ocrx_word' id='word_1_211' title='bbox 1463 1674 1496 1711; x_wconf 83' lang='lat' dir='ltr'>si</span> <span class='ocrx_word' id='word_1_212' title='bbox 1521 1676 1824 1711; x_wconf 82' lang='lat' dir='ltr'>connettevano.</span> 
     </span>
     <span class='ocr_line' id='line_1_24' title="bbox 339 1719 1826 1770; baseline -0.003 -9"><span class='ocrx_word' id='word_1_213' title='bbox 339 1745 382 1750; x_wconf 92' lang='lat'>—</span> <span class='ocrx_word' id='word_1_214' title='bbox 407 1724 443 1761; x_wconf 85' lang='lat' dir='ltr'>Il</span> <span class='ocrx_word' id='word_1_215' title='bbox 466 1727 624 1770; x_wconf 82' lang='lat' dir='ltr'>primus</span> <span class='ocrx_word' id='word_1_216' title='bbox 648 1724 690 1760; x_wconf 90' lang='lat' dir='ltr'>fa</span> <span class='ocrx_word' id='word_1_217' title='bbox 716 1723 847 1761; x_wconf 87' lang='lat' dir='ltr'>subito</span> <span class='ocrx_word' id='word_1_218' title='bbox 873 1734 1043 1768; x_wconf 85' lang='lat' dir='ltr'>pensare</span> <span class='ocrx_word' id='word_1_219' title='bbox 1077 1735 1101 1759; x_wconf 88' lang='lat' dir='ltr'>a</span> <span class='ocrx_word' id='word_1_220' title='bbox 1121 1720 1642 1767; x_wconf 40' lang='lat' dir='ltr'>LeucippoveDemocrito.</span> <span class='ocrx_word' id='word_1_221' title='bbox 1668 1719 1776 1758; x_wconf 90' lang='lat' dir='ltr'>Vero</span> <span class='ocrx_word' id='word_1_222' title='bbox 1803 1719 1826 1757; x_wconf 81' lang='grc' dir='ltr'>ὸ</span> 
     </span>
     <span class='ocr_line' id='line_1_25' title="bbox 338 1767 1825 1818; baseline -0.003 -9"><span class='ocrx_word' id='word_1_223' title='bbox 338 1771 411 1809; x_wconf 89' lang='lat' dir='ltr'>che</span> <span class='ocrx_word' id='word_1_224' title='bbox 432 1772 500 1816; x_wconf 87' lang='lat' dir='ltr'>qui</span> <span class='ocrx_word' id='word_1_225' title='bbox 524 1771 553 1808; x_wconf 90' lang='lat' dir='ltr'>il</span> <span class='ocrx_word' id='word_1_226' title='bbox 572 1774 728 1818; x_wconf 78' lang='lat' dir='ltr'>primus</span> <span class='ocrx_word' id='word_1_227' title='bbox 749 1770 770 1808; x_wconf 76' lang='grc'>6</span> <span class='ocrx_word' id='word_1_228' title='bbox 791 1771 830 1807; x_wconf 90' lang='lat' dir='ltr'>in</span> <span class='ocrx_word' id='word_1_229' title='bbox 850 1771 1049 1808; x_wconf 87' lang='lat' dir='ltr'>relazione</span> <span class='ocrx_word' id='word_1_230' title='bbox 1071 1770 1137 1806; x_wconf 87' lang='lat' dir='ltr'>all&#39;</span> <span class='ocrx_word' id='word_1_231' title='bbox 1146 1770 1369 1807; x_wconf 74' lang='lat' dir='ltr'>inlustrare</span> <span class='ocrx_word' id='word_1_232' title='bbox 1387 1768 1583 1807; x_wconf 82' lang='lat' dir='ltr'>commoda</span> <span class='ocrx_word' id='word_1_233' title='bbox 1601 1769 1724 1815; x_wconf 59' lang='lat' dir='ltr'>vium</span> <span class='ocrx_word' id='word_1_234' title='bbox 1744 1780 1765 1806; x_wconf 91' lang='lat' dir='ltr'>e</span> <span class='ocrx_word' id='word_1_235' title='bbox 1784 1767 1825 1804; x_wconf 88' lang='lat' dir='ltr'>in</span> 
     </span>
     <span class='ocr_line' id='line_1_26' title="bbox 338 1815 1826 1865; baseline -0.003 -8"><span class='ocrx_word' id='word_1_236' title='bbox 338 1822 478 1865; x_wconf 85' lang='lat' dir='ltr'>questo</span> <span class='ocrx_word' id='word_1_237' title='bbox 500 1831 614 1856; x_wconf 81' lang='lat' dir='ltr'>senso</span> <span class='ocrx_word' id='word_1_238' title='bbox 633 1818 654 1856; x_wconf 78' lang='lat' dir='ltr'>e</span> <span class='ocrx_word' id='word_1_239' title='bbox 672 1818 925 1863; x_wconf 83' lang='lat' dir='ltr'>giustificato.</span> <span class='ocrx_word' id='word_1_240' title='bbox 944 1818 1010 1854; x_wconf 88' lang='lat' dir='ltr'>Ma</span> <span class='ocrx_word' id='word_1_241' title='bbox 1028 1818 1104 1862; x_wconf 88' lang='lat' dir='ltr'>poi,</span> <span class='ocrx_word' id='word_1_242' title='bbox 1119 1817 1159 1854; x_wconf 88' lang='lat' dir='ltr'>al</span> <span class='ocrx_word' id='word_1_243' title='bbox 1177 1830 1213 1854; x_wconf 89' lang='lat' dir='ltr'>v.</span> <span class='ocrx_word' id='word_1_244' title='bbox 1228 1819 1260 1863; x_wconf 78' lang='lat'>9,</span> <span class='ocrx_word' id='word_1_245' title='bbox 1278 1829 1394 1855; x_wconf 86' lang='lat' dir='ltr'>meno</span> <span class='ocrx_word' id='word_1_246' title='bbox 1412 1815 1654 1862; x_wconf 84' lang='lat' dir='ltr'>giustificato</span> <span class='ocrx_word' id='word_1_247' title='bbox 1675 1819 1826 1861; x_wconf 81' lang='lat' dir='ltr'>appare</span> 
     </span>
     <span class='ocr_line' id='line_1_27' title="bbox 339 1861 1827 1909; baseline -0.003 -5"><span class='ocrx_word' id='word_1_248' title='bbox 339 1872 382 1905; x_wconf 79' lang='lat' dir='ltr'>tu</span> <span class='ocrx_word' id='word_1_249' title='bbox 407 1879 446 1904; x_wconf 80' lang='lat' dir='ltr'>es</span> <span class='ocrx_word' id='word_1_250' title='bbox 465 1879 598 1904; x_wconf 74' lang='lat' dir='ltr'>rerum</span> <span class='ocrx_word' id='word_1_251' title='bbox 618 1869 809 1904; x_wconf 77' lang='lat' dir='ltr'>inventor.</span> <span class='ocrx_word' id='word_1_252' title='bbox 838 1864 1072 1904; x_wconf 75' lang='lat' dir='ltr'>Sennonche</span> <span class='ocrx_word' id='word_1_253' title='bbox 1094 1865 1263 1909; x_wconf 83' lang='lat' dir='ltr'>qualche</span> <span class='ocrx_word' id='word_1_254' title='bbox 1289 1877 1381 1902; x_wconf 86' lang='lat' dir='ltr'>cosa</span> <span class='ocrx_word' id='word_1_255' title='bbox 1407 1863 1429 1902; x_wconf 80' lang='grc' dir='ltr'>ὸ</span> <span class='ocrx_word' id='word_1_256' title='bbox 1451 1864 1502 1901; x_wconf 86' lang='lat' dir='ltr'>da</span> <span class='ocrx_word' id='word_1_257' title='bbox 1527 1861 1745 1901; x_wconf 85' lang='lat' dir='ltr'>concedere</span> <span class='ocrx_word' id='word_1_258' title='bbox 1771 1863 1827 1900; x_wconf 80' lang='lat' dir='ltr'>al-</span> 
     </span>
     <span class='ocr_line' id='line_1_28' title="bbox 338 1910 1826 1959; baseline -0.003 -8"><span class='ocrx_word' id='word_1_259' title='bbox 338 1914 624 1959; x_wconf 84' lang='lat' dir='ltr'>l’entusiasn103</span> <span class='ocrx_word' id='word_1_260' title='bbox 639 1926 660 1950; x_wconf 93' lang='grc'>6</span> <span class='ocrx_word' id='word_1_261' title='bbox 678 1914 743 1958; x_wconf 83' lang='lat' dir='ltr'>poi</span> <span class='ocrx_word' id='word_1_262' title='bbox 763 1913 785 1951; x_wconf 78' lang='grc' dir='ltr'>ὸ</span> <span class='ocrx_word' id='word_1_263' title='bbox 803 1913 853 1950; x_wconf 88' lang='lat' dir='ltr'>da</span> <span class='ocrx_word' id='word_1_264' title='bbox 866 1925 1036 1958; x_wconf 84' lang='lat' dir='ltr'>pensare</span> <span class='ocrx_word' id='word_1_265' title='bbox 1051 1925 1074 1949; x_wconf 86' lang='lat' dir='ltr'>a</span> <span class='ocrx_word' id='word_1_266' title='bbox 1088 1912 1256 1957; x_wconf 85' lang='lat' dir='ltr'>qualche</span> <span class='ocrx_word' id='word_1_267' title='bbox 1275 1912 1537 1950; x_wconf 82' lang='lat' dir='ltr'>innovazione</span> <span class='ocrx_word' id='word_1_268' title='bbox 1555 1911 1743 1955; x_wconf 80' lang='lat' dir='ltr'>epicurea</span> <span class='ocrx_word' id='word_1_269' title='bbox 1761 1910 1826 1947; x_wconf 82' lang='lat' dir='ltr'>del</span> 
     </span>
     <span class='ocr_line' id='line_1_29' title="bbox 338 1958 1826 2005; baseline -0.003 -6"><span class='ocrx_word' id='word_1_270' title='bbox 338 1962 499 1999; x_wconf 82' lang='lat' dir='ltr'>sistema</span> <span class='ocrx_word' id='word_1_271' title='bbox 520 1961 642 2001; x_wconf 88' lang='lat' dir='ltr'>fisico,</span> <span class='ocrx_word' id='word_1_272' title='bbox 664 1961 881 1998; x_wconf 83' lang='lat' dir='ltr'>essenzialc</span> <span class='ocrx_word' id='word_1_273' title='bbox 908 1961 973 1998; x_wconf 88' lang='lat' dir='ltr'>nel</span> <span class='ocrx_word' id='word_1_274' title='bbox 995 1961 1162 2005; x_wconf 87' lang='lat' dir='ltr'>rispetto</span> <span class='ocrx_word' id='word_1_275' title='bbox 1187 1961 1337 1998; x_wconf 88' lang='lat' dir='ltr'>morale</span> <span class='ocrx_word' id='word_1_276' title='bbox 1359 1961 1408 2005; x_wconf 89' lang='lat' dir='ltr'>(p.</span> <span class='ocrx_word' id='word_1_277' title='bbox 1429 1971 1482 1997; x_wconf 85' lang='lat' dir='ltr'>es.</span> <span class='ocrx_word' id='word_1_278' title='bbox 1508 1959 1632 1996; x_wconf 84' lang='lat' dir='ltr'>l’aver</span> <span class='ocrx_word' id='word_1_279' title='bbox 1656 1958 1826 1996; x_wconf 85' lang='lat' dir='ltr'>fisica-</span> 
     </span>
     <span class='ocr_line' id='line_1_30' title="bbox 337 2005 1825 2053; baseline -0.003 -7"><span class='ocrx_word' id='word_1_280' title='bbox 337 2015 503 2047; x_wconf 87' lang='lat' dir='ltr'>mente</span> <span class='ocrx_word' id='word_1_281' title='bbox 529 2008 694 2047; x_wconf 86' lang='lat' dir='ltr'>fondato</span> <span class='ocrx_word' id='word_1_282' title='bbox 719 2009 747 2045; x_wconf 92' lang='lat' dir='ltr'>il</span> <span class='ocrx_word' id='word_1_283' title='bbox 774 2009 900 2045; x_wconf 82' lang='lat' dir='ltr'>libero</span> <span class='ocrx_word' id='word_1_284' title='bbox 923 2007 1101 2053; x_wconf 81' lang='lat' dir='ltr'>volere)3</span> <span class='ocrx_word' id='word_1_285' title='bbox 1134 2007 1184 2044; x_wconf 86' lang='lat' dir='ltr'>ed</span> <span class='ocrx_word' id='word_1_286' title='bbox 1209 2008 1335 2044; x_wconf 83' lang='lat' dir='ltr'>anche</span> <span class='ocrx_word' id='word_1_287' title='bbox 1362 2020 1386 2044; x_wconf 88' lang='lat' dir='ltr'>a</span> <span class='ocrx_word' id='word_1_288' title='bbox 1412 2006 1484 2051; x_wconf 77' lang='lat' dir='ltr'>cio,</span> <span class='ocrx_word' id='word_1_289' title='bbox 1511 2007 1583 2044; x_wconf 88' lang='lat' dir='ltr'>che</span> <span class='ocrx_word' id='word_1_290' title='bbox 1610 2005 1639 2042; x_wconf 86' lang='lat' dir='ltr'>il</span> <span class='ocrx_word' id='word_1_291' title='bbox 1664 2005 1825 2043; x_wconf 82' lang='lat' dir='ltr'>sistema</span> 
     </span>
     <span class='ocr_line' id='line_1_31' title="bbox 338 2052 1824 2101; baseline -0.003 -7"><span class='ocrx_word' id='word_1_292' title='bbox 338 2057 443 2094; x_wconf 88' lang='lat' dir='ltr'>della</span> <span class='ocrx_word' id='word_1_293' title='bbox 460 2058 618 2098; x_wconf 84' lang='lat' dir='ltr'>natura,</span> <span class='ocrx_word' id='word_1_294' title='bbox 637 2060 816 2101; x_wconf 82' lang='lat' dir='ltr'>scoperto</span> <span class='ocrx_word' id='word_1_295' title='bbox 832 2056 881 2092; x_wconf 88' lang='lat' dir='ltr'>da</span> <span class='ocrx_word' id='word_1_296' title='bbox 895 2055 1133 2099; x_wconf 84' lang='lat' dir='ltr'>Democrito,</span> <span class='ocrx_word' id='word_1_297' title='bbox 1149 2054 1318 2092; x_wconf 87' lang='lat' dir='ltr'>secondo</span> <span class='ocrx_word' id='word_1_298' title='bbox 1337 2055 1519 2091; x_wconf 86' lang='lat' dir='ltr'>l&#39;intento</span> <span class='ocrx_word' id='word_1_299' title='bbox 1536 2053 1642 2091; x_wconf 86' lang='lat' dir='ltr'>della</span> <span class='ocrx_word' id='word_1_300' title='bbox 1657 2052 1824 2092; x_wconf 79' lang='lat' dir='ltr'>filosofia</span> 
     </span>
     <span class='ocr_line' id='line_1_32' title="bbox 337 2099 1826 2150; baseline -0.003 -9"><span class='ocrx_word' id='word_1_301' title='bbox 337 2104 684 2150; x_wconf 83' lang='lat' dir='ltr'>postaristotelica,</span> <span class='ocrx_word' id='word_1_302' title='bbox 710 2104 856 2141; x_wconf 87' lang='lat' dir='ltr'>vcniva</span> <span class='ocrx_word' id='word_1_303' title='bbox 882 2102 932 2140; x_wconf 90' lang='lat' dir='ltr'>ad</span> <span class='ocrx_word' id='word_1_304' title='bbox 958 2103 1160 2146; x_wconf 78' lang='lat' dir='ltr'>aoquistar</span> <span class='ocrx_word' id='word_1_305' title='bbox 1180 2103 1317 2139; x_wconf 82' lang='lat' dir='ltr'>valore</span> <span class='ocrx_word' id='word_1_306' title='bbox 1343 2102 1516 2139; x_wconf 85' lang='lat' dir='ltr'>soltanto</span> <span class='ocrx_word' id='word_1_307' title='bbox 1538 2099 1734 2139; x_wconf 82' lang='lat' dir='ltr'>entrando</span> <span class='ocrx_word' id='word_1_308' title='bbox 1758 2101 1826 2137; x_wconf 91' lang='lat' dir='ltr'>nel</span> 
     </span>
     <span class='ocr_line' id='line_1_33' title="bbox 338 2147 1825 2196; baseline -0.001 -8"><span class='ocrx_word' id='word_1_309' title='bbox 338 2153 499 2188; x_wconf 85' lang='lat' dir='ltr'>sistema</span> <span class='ocrx_word' id='word_1_310' title='bbox 525 2152 710 2196; x_wconf 87' lang='lat' dir='ltr'>epicureo</span> <span class='ocrx_word' id='word_1_311' title='bbox 742 2152 794 2195; x_wconf 86' lang='lat' dir='ltr'>(v.</span> <span class='ocrx_word' id='word_1_312' title='bbox 813 2151 902 2188; x_wconf 89' lang='lat' dir='ltr'>Vol.</span> <span class='ocrx_word' id='word_1_313' title='bbox 919 2151 939 2186; x_wconf 88' lang='grc' dir='ltr'>Ι</span> <span class='ocrx_word' id='word_1_314' title='bbox 965 2163 1054 2194; x_wconf 85' lang='lat' dir='ltr'>pag.</span> <span class='ocrx_word' id='word_1_315' title='bbox 1079 2150 1262 2187; x_wconf 87' lang='lat' dir='ltr'><strong>XXXVI</strong></span> <span class='ocrx_word' id='word_1_316' title='bbox 1288 2162 1310 2188; x_wconf 87' lang='grc'>6</span> <span class='ocrx_word' id='word_1_317' title='bbox 1338 2150 1406 2186; x_wconf 83' lang='grc'>158</span> <span class='ocrx_word' id='word_1_318' title='bbox 1431 2149 1506 2194; x_wconf 84' lang='lat' dir='ltr'>sg.)</span> <span class='ocrx_word' id='word_1_319' title='bbox 1604 2168 1648 2174; x_wconf 85' lang='lat'>—-</span> <span class='ocrx_word' id='word_1_320' title='bbox 1673 2147 1707 2183; x_wconf 81' lang='lat'>4.</span> <span class='ocrx_word' id='word_1_321' title='bbox 1727 2148 1825 2195; x_wconf 72' lang='lat' dir='ltr'>&#39;ficta</span> 
     </span>
     <span class='ocr_line' id='line_1_34' title="bbox 338 2195 1825 2245; baseline -0.002 -9"><span class='ocrx_word' id='word_1_322' title='bbox 338 2200 471 2237; x_wconf 84' lang='lat' dir='ltr'>antica</span> <span class='ocrx_word' id='word_1_323' title='bbox 496 2199 624 2236; x_wconf 86' lang='lat' dir='ltr'>forma</span> <span class='ocrx_word' id='word_1_324' title='bbox 650 2210 721 2243; x_wconf 88' lang='lat' dir='ltr'>per</span> <span class='ocrx_word' id='word_1_325' title='bbox 746 2199 854 2245; x_wconf 77' lang='lat' dir='ltr'>fixa;</span> <span class='ocrx_word' id='word_1_326' title='bbox 879 2197 1046 2235; x_wconf 81' lang='lat' dir='ltr'>Scauro:</span> <span class='ocrx_word' id='word_1_327' title='bbox 1073 2199 1232 2242; x_wconf 69' lang='lat' dir='ltr'>sayz&#39;ttis</span> <span class='ocrx_word' id='word_1_328' title='bbox 1256 2197 1443 2244; x_wconf 78' lang='lat' dir='ltr'>confictus</span> <span class='ocrx_word' id='word_1_329' title='bbox 1539 2216 1583 2221; x_wconf 86' lang='lat'>-—</span> <span class='ocrx_word' id='word_1_330' title='bbox 1609 2195 1644 2232; x_wconf 84' lang='lat'>5.</span> <span class='ocrx_word' id='word_1_331' title='bbox 1661 2208 1740 2234; x_wconf 80' lang='lat' dir='ltr'>non</span> <span class='ocrx_word' id='word_1_332' title='bbox 1766 2197 1825 2233; x_wconf 70' lang='lat' dir='ltr'>ita</span> 
     </span>
     <span class='ocr_line' id='line_1_35' title="bbox 338 2245 1824 2292; baseline -0.002 -9"><span class='ocrx_word' id='word_1_333' title='bbox 338 2251 429 2284; x_wconf 80' lang='lat' dir='ltr'>cert.</span> <span class='ocrx_word' id='word_1_334' title='bbox 463 2247 638 2292; x_wconf 76' lang='lat' dir='ltr'>cupidus,</span> <span class='ocrx_word' id='word_1_335' title='bbox 666 2258 783 2292; x_wconf 78' lang='lat' dir='ltr'>quam</span> <span class='ocrx_word' id='word_1_336' title='bbox 811 2246 914 2292; x_wconf 74' lang='lat' dir='ltr'>quod</span> <span class='ocrx_word' id='word_1_337' title='bbox 945 2257 1048 2289; x_wconf 80' lang='lat' dir='ltr'>aveo,</span> <span class='ocrx_word' id='word_1_338' title='bbox 1071 2249 1197 2290; x_wconf 76' lang='lat' dir='ltr'>propt.</span> <span class='ocrx_word' id='word_1_339' title='bbox 1220 2257 1308 2292; x_wconf 63' lang='lat' dir='ltr'>am„</span> <span class='ocrx_word' id='word_1_340' title='bbox 1334 2249 1368 2282; x_wconf 77' lang='lat' dir='ltr'>te</span> <span class='ocrx_word' id='word_1_341' title='bbox 1402 2245 1561 2282; x_wconf 75' lang='lat' dir='ltr'>imitari</span> <span class='ocrx_word' id='word_1_342' title='bbox 1577 2255 1715 2281; x_wconf 67' lang='grc' dir='ltr'>Ξηοη</span> <span class='ocrx_word' id='word_1_343' title='bbox 1748 2255 1824 2281; x_wconf 78' lang='lat' dir='ltr'>cer·</span> 
     </span>
     <span class='ocr_line' id='line_1_36' title="bbox 339 2290 1824 2340; baseline -0.002 -9"><span class='ocrx_word' id='word_1_344' title='bbox 339 2295 456 2332; x_wconf 80' lang='lat' dir='ltr'>tandi</span> <span class='ocrx_word' id='word_1_345' title='bbox 479 2294 655 2340; x_wconf 71' lang='lat' dir='ltr'>cupidus,</span> <span class='ocrx_word' id='word_1_346' title='bbox 676 2294 743 2330; x_wconf 81' lang='lat' dir='ltr'>sed</span> <span class='ocrx_word' id='word_1_347' title='bbox 764 2294 865 2339; x_wconf 81' lang='lat' dir='ltr'>quod</span> <span class='ocrx_word' id='word_1_348' title='bbox 885 2304 975 2329; x_wconf 81' lang='lat' dir='ltr'>aveo</span> <span class='ocrx_word' id='word_1_349' title='bbox 996 2294 1060 2329; x_wconf 81' lang='lat' dir='ltr'>im.</span> <span class='ocrx_word' id='word_1_350' title='bbox 1084 2292 1117 2328; x_wconf 90' lang='lat' dir='ltr'>Il</span> <span class='ocrx_word' id='word_1_351' title='bbox 1133 2296 1297 2338; x_wconf 75' lang='lat' dir='ltr'>propter</span> <span class='ocrx_word' id='word_1_352' title='bbox 1322 2303 1494 2329; x_wconf 84' lang='lat' dir='ltr'>amorem</span> <span class='ocrx_word' id='word_1_353' title='bbox 1515 2291 1536 2329; x_wconf 79' lang='lat' dir='ltr'>e</span> <span class='ocrx_word' id='word_1_354' title='bbox 1554 2302 1681 2329; x_wconf 79' lang='lat' dir='ltr'>messo</span> <span class='ocrx_word' id='word_1_355' title='bbox 1698 2290 1727 2327; x_wconf 76' lang='lat' dir='ltr'>li</span> <span class='ocrx_word' id='word_1_356' title='bbox 1753 2290 1824 2328; x_wconf 87' lang='lat' dir='ltr'>che</span> 
     </span>
     <span class='ocr_line' id='line_1_37' title="bbox 337 2337 1824 2387; baseline -0.003 -9"><span class='ocrx_word' id='word_1_357' title='bbox 337 2354 434 2386; x_wconf 88' lang='lat' dir='ltr'>pare</span> <span class='ocrx_word' id='word_1_358' title='bbox 453 2341 625 2386; x_wconf 87' lang='lat' dir='ltr'>dipenda</span> <span class='ocrx_word' id='word_1_359' title='bbox 645 2352 731 2378; x_wconf 88' lang='lat' dir='ltr'>esso</span> <span class='ocrx_word' id='word_1_360' title='bbox 753 2340 1116 2377; x_wconf 81' lang='lat' dir='ltr'>immediatamente</span> <span class='ocrx_word' id='word_1_361' title='bbox 1143 2339 1208 2375; x_wconf 89' lang='lat' dir='ltr'>dal</span> <span class='ocrx_word' id='word_1_362' title='bbox 1226 2351 1343 2385; x_wconf 79' lang='lat' dir='ltr'>quam</span> <span class='ocrx_word' id='word_1_363' title='bbox 1351 2353 1368 2387; x_wconf 87' lang='lat'><em>;</em></span> <span class='ocrx_word' id='word_1_364' title='bbox 1393 2351 1415 2377; x_wconf 87' lang='lat' dir='ltr'>e</span> <span class='ocrx_word' id='word_1_365' title='bbox 1433 2340 1538 2377; x_wconf 84' lang='lat' dir='ltr'>forse</span> <span class='ocrx_word' id='word_1_366' title='bbox 1556 2337 1578 2376; x_wconf 81' lang='grc' dir='ltr'><strong>ὸ</strong></span> <span class='ocrx_word' id='word_1_367' title='bbox 1597 2339 1698 2376; x_wconf 75' lang='lat' dir='ltr'>cosi:</span> <span class='ocrx_word' id='word_1_368' title='bbox 1721 2338 1739 2356; x_wconf 74' lang='lat'>‘⁸</span> <span class='ocrx_word' id='word_1_369' title='bbox 1753 2349 1824 2383; x_wconf 87' lang='lat' dir='ltr'>per</span> 
     </span>
     <span class='ocr_line' id='line_1_38' title="bbox 338 2385 1824 2435; baseline -0.002 -10"><span class='ocrx_word' id='word_1_370' title='bbox 338 2401 484 2435; x_wconf 86' lang='lat' dir='ltr'>amore,</span> <span class='ocrx_word' id='word_1_371' title='bbox 510 2386 654 2434; x_wconf 69' lang='lat' dir='ltr'>perche</span> <span class='ocrx_word' id='word_1_372' title='bbox 680 2388 817 2425; x_wconf 88' lang='lat' dir='ltr'>bramo</span> <span class='ocrx_word' id='word_1_373' title='bbox 843 2387 1026 2431; x_wconf 84' lang='lat' dir='ltr'>imitarti;</span> <span class='ocrx_word' id='word_1_374' title='bbox 1051 2399 1123 2430; x_wconf 87' lang='lat' dir='ltr'>per</span> <span class='ocrx_word' id='word_1_375' title='bbox 1148 2386 1315 2424; x_wconf 80' lang='lat' dir='ltr'>l⁷amorc</span> <span class='ocrx_word' id='word_1_376' title='bbox 1341 2386 1413 2424; x_wconf 86' lang='lat' dir='ltr'>che</span> <span class='ocrx_word' id='word_1_377' title='bbox 1439 2387 1493 2423; x_wconf 86' lang='lat' dir='ltr'>mi</span> <span class='ocrx_word' id='word_1_378' title='bbox 1517 2387 1658 2432; x_wconf 83' lang='lat' dir='ltr'>spinge</span> <span class='ocrx_word' id='word_1_379' title='bbox 1691 2397 1716 2422; x_wconf 84' lang='lat' dir='ltr'>a</span> <span class='ocrx_word' id='word_1_380' title='bbox 1739 2385 1824 2423; x_wconf 84' lang='lat' dir='ltr'>imi-</span> 
     </span>
    </p>
   </div>
   <div class='ocr_carea' id='block_1_7' title="bbox 336 2431 1824 2530">
    <p class='ocr_par' dir='ltr' id='par_1_8' title="bbox 336 2431 1824 2530">
     <span class='ocr_line' id='line_1_39' title="bbox 338 2431 1824 2481; baseline -0.003 -7"><span class='ocrx_word' id='word_1_381' title='bbox 338 2437 445 2473; x_wconf 82' lang='lat' dir='ltr'>tarti.</span> <span class='ocrx_word' id='word_1_382' title='bbox 462 2463 479 2481; x_wconf 93' lang='lat'>„</span> <span class='ocrx_word' id='word_1_383' title='bbox 576 2456 620 2461; x_wconf 94' lang='lat'><strong>—</strong></span> <span class='ocrx_word' id='word_1_384' title='bbox 634 2436 657 2470; x_wconf 84' lang='grc'>6</span> <span class='ocrx_word' id='word_1_385' title='bbox 670 2448 726 2480; x_wconf 85' lang='lat' dir='ltr'>sg.</span> <span class='ocrx_word' id='word_1_386' title='bbox 745 2435 866 2480; x_wconf 85' lang='lat' dir='ltr'>Verg.</span> <span class='ocrx_word' id='word_1_387' title='bbox 885 2434 970 2472; x_wconf 73' lang='lat' dir='ltr'><em>Eol.</em></span> <span class='ocrx_word' id='word_1_388' title='bbox 991 2434 1052 2470; x_wconf 90' lang='lat' dir='ltr'>IX</span> <span class='ocrx_word' id='word_1_389' title='bbox 1069 2435 1115 2470; x_wconf 83' lang='lat'>35</span> <span class='ocrx_word' id='word_1_390' title='bbox 1130 2446 1186 2479; x_wconf 88' lang='lat' dir='ltr'>sg.</span> <span class='ocrx_word' id='word_1_391' title='bbox 1208 2435 1360 2472; x_wconf 71' lang='lat' dir='ltr'>videor.</span> <span class='ocrx_word' id='word_1_392' title='bbox 1376 2464 1384 2472; x_wconf 95' lang='lat'><strong>.</strong></span> <span class='ocrx_word' id='word_1_393' title='bbox 1399 2464 1407 2471; x_wconf 93' lang='lat'><strong>.</strong></span> <span class='ocrx_word' id='word_1_394' title='bbox 1429 2438 1592 2480; x_wconf 70' lang='lat' dir='ltr'>aryutos</span> <span class='ocrx_word' id='word_1_395' title='bbox 1608 2431 1715 2472; x_wconf 65' lang='lat' dir='ltr'>intbr</span> <span class='ocrx_word' id='word_1_396' title='bbox 1728 2437 1824 2470; x_wconf 78' lang='lat' dir='ltr'>stre·</span> 
     </span>
     <span class='ocr_line' id='line_1_40' title="bbox 336 2481 1824 2530; baseline -0.003 -9"><span class='ocrx_word' id='word_1_397' title='bbox 336 2496 427 2530; x_wconf 80' lang='lat' dir='ltr'>pere</span> <span class='ocrx_word' id='word_1_398' title='bbox 453 2495 572 2520; x_wconf 78' lang='lat' dir='ltr'>anser</span> <span class='ocrx_word' id='word_1_399' title='bbox 605 2483 740 2521; x_wconf 77' lang='lat' dir='ltr'>olores.</span> <span class='ocrx_word' id='word_1_400' title='bbox 837 2502 883 2507; x_wconf 72' lang='lat'>—</span> <span class='ocrx_word' id='word_1_401' title='bbox 911 2482 947 2517; x_wconf 83' lang='grc'>9.</span> <span class='ocrx_word' id='word_1_402' title='bbox 980 2481 1044 2519; x_wconf 93' lang='lat' dir='ltr'>Ho</span> <span class='ocrx_word' id='word_1_403' title='bbox 1078 2483 1229 2519; x_wconf 86' lang='lat' dir='ltr'>mutato</span> <span class='ocrx_word' id='word_1_404' title='bbox 1268 2482 1307 2518; x_wconf 95' lang='grc'>16</span> <span class='ocrx_word' id='word_1_405' title='bbox 1343 2481 1657 2526; x_wconf 82' lang='lat' dir='ltr'>punteggiatura</span> <span class='ocrx_word' id='word_1_406' title='bbox 1694 2481 1824 2525; x_wconf 82' lang='lat' dir='ltr'>solita,</span> 
     </span>
    </p>
   </div>
   <div class='ocr_carea' id='block_1_8' title="bbox 338 2527 1872 2859">
    <p class='ocr_par' dir='ltr' id='par_1_9' title="bbox 338 2527 1872 2859">
     <span class='ocr_line' id='line_1_41' title="bbox 338 2527 1825 2575; baseline -0.003 -7"><span class='ocrx_word' id='word_1_407' title='bbox 338 2530 539 2569; x_wconf 86' lang='lat' dir='ltr'>mettendo</span> <span class='ocrx_word' id='word_1_408' title='bbox 564 2531 604 2567; x_wconf 89' lang='lat' dir='ltr'>la</span> <span class='ocrx_word' id='word_1_409' title='bbox 628 2530 783 2575; x_wconf 81' lang='lat' dir='ltr'>virgola</span> <span class='ocrx_word' id='word_1_410' title='bbox 809 2529 910 2574; x_wconf 91' lang='lat' dir='ltr'>dopo</span> <span class='ocrx_word' id='word_1_411' title='bbox 937 2541 976 2566; x_wconf 79' lang='lat' dir='ltr'>es</span> <span class='ocrx_word' id='word_1_412' title='bbox 996 2527 1162 2566; x_wconf 68' lang='lat' dir='ltr'>anziehe</span> <span class='ocrx_word' id='word_1_413' title='bbox 1180 2529 1281 2573; x_wconf 89' lang='lat' dir='ltr'>dopo</span> <span class='ocrx_word' id='word_1_414' title='bbox 1295 2533 1426 2575; x_wconf 77' lang='lat' dir='ltr'>pater,</span> <span class='ocrx_word' id='word_1_415' title='bbox 1450 2541 1523 2574; x_wconf 86' lang='lat' dir='ltr'>per</span> <span class='ocrx_word' id='word_1_416' title='bbox 1543 2528 1723 2574; x_wconf 87' lang='lat' dir='ltr'>migliore</span> <span class='ocrx_word' id='word_1_417' title='bbox 1741 2538 1825 2565; x_wconf 78' lang='lat' dir='ltr'>cor-</span> 
     </span>
     <span class='ocr_line' id='line_1_42' title="bbox 339 2576 1823 2624; baseline -0.002 -9"><span class='ocrx_word' id='word_1_418' title='bbox 339 2577 601 2623; x_wconf 86' lang='lat' dir='ltr'>rispondenza</span> <span class='ocrx_word' id='word_1_419' title='bbox 628 2578 687 2616; x_wconf 88' lang='lat' dir='ltr'>col</span> <span class='ocrx_word' id='word_1_420' title='bbox 707 2580 876 2624; x_wconf 57' lang='grc' dir='ltr'>χθων-τη,-</span> <span class='ocrx_word' id='word_1_421' title='bbox 915 2579 931 2592; x_wconf 82' lang='grc'><em>“</em></span> <span class='ocrx_word' id='word_1_422' title='bbox 952 2579 997 2613; x_wconf 87' lang='lat' dir='ltr'>tu</span> <span class='ocrx_word' id='word_1_423' title='bbox 1023 2577 1077 2613; x_wconf 81' lang='lat' dir='ltr'>sei</span> <span class='ocrx_word' id='word_1_424' title='bbox 1105 2589 1160 2613; x_wconf 92' lang='lat' dir='ltr'>un</span> <span class='ocrx_word' id='word_1_425' title='bbox 1185 2576 1308 2621; x_wconf 84' lang='lat' dir='ltr'>padre</span> <span class='ocrx_word' id='word_1_426' title='bbox 1335 2588 1407 2622; x_wconf 88' lang='lat' dir='ltr'>per</span> <span class='ocrx_word' id='word_1_427' title='bbox 1431 2577 1510 2617; x_wconf 83' lang='lat' dir='ltr'>noi,</span> <span class='ocrx_word' id='word_1_428' title='bbox 1536 2578 1582 2613; x_wconf 86' lang='lat' dir='ltr'>tu</span> <span class='ocrx_word' id='word_1_429' title='bbox 1605 2576 1823 2621; x_wconf 79' lang='lat' dir='ltr'>seopritore</span> 
     </span>
     <span class='ocr_line' id='line_1_43' title="bbox 339 2624 1824 2670; baseline -0.003 -7"><span class='ocrx_word' id='word_1_430' title='bbox 339 2626 403 2663; x_wconf 80' lang='lat' dir='ltr'>del</span> <span class='ocrx_word' id='word_1_431' title='bbox 429 2637 535 2668; x_wconf 87' lang='lat' dir='ltr'>vero,</span> <span class='ocrx_word' id='word_1_432' title='bbox 562 2638 583 2662; x_wconf 90' lang='lat' dir='ltr'>c</span> <span class='ocrx_word' id='word_1_433' title='bbox 610 2625 649 2662; x_wconf 92' lang='lat' dir='ltr'>di</span> <span class='ocrx_word' id='word_1_434' title='bbox 674 2625 797 2669; x_wconf 88' lang='lat' dir='ltr'>padre</span> <span class='ocrx_word' id='word_1_435' title='bbox 829 2636 924 2661; x_wconf 84' lang='lat' dir='ltr'>sono</span> <span class='ocrx_word' id='word_1_436' title='bbox 955 2624 966 2660; x_wconf 90' lang='lat' dir='ltr'>i</span> <span class='ocrx_word' id='word_1_437' title='bbox 1000 2624 1084 2661; x_wconf 89' lang='lat' dir='ltr'>tuoi</span> <span class='ocrx_word' id='word_1_438' title='bbox 1113 2624 1294 2668; x_wconf 87' lang='lat' dir='ltr'>precetti.</span> <span class='ocrx_word' id='word_1_439' title='bbox 1314 2653 1330 2670; x_wconf 88' lang='lat'>„</span> <span class='ocrx_word' id='word_1_440' title='bbox 1433 2643 1471 2654; x_wconf 71' lang='lat'>——</span> <span class='ocrx_word' id='word_1_441' title='bbox 1508 2624 1565 2661; x_wconf 88' lang='lat'>10.</span> <span class='ocrx_word' id='word_1_442' title='bbox 1600 2625 1680 2661; x_wconf 80' lang='lat' dir='ltr'>tuis</span> <span class='ocrx_word' id='word_1_443' title='bbox 1704 2635 1752 2661; x_wconf 84' lang='lat' dir='ltr'>ue</span> <span class='ocrx_word' id='word_1_444' title='bbox 1777 2634 1824 2660; x_wconf 78' lang='lat' dir='ltr'>ex</span> 
     </span>
     <span class='ocr_line' id='line_1_44' title="bbox 340 2671 1824 2718; baseline -0.003 -7"><span class='ocrx_word' id='word_1_445' title='bbox 340 2674 410 2711; x_wconf 88' lang='lat' dir='ltr'>cfr.</span> <span class='ocrx_word' id='word_1_446' title='bbox 433 2676 528 2711; x_wconf 87' lang='lat' dir='ltr'>nota</span> <span class='ocrx_word' id='word_1_447' title='bbox 554 2685 578 2709; x_wconf 86' lang='lat' dir='ltr'>a</span> <span class='ocrx_word' id='word_1_448' title='bbox 605 2673 623 2709; x_wconf 95' lang='lat' dir='ltr'>I</span> <span class='ocrx_word' id='word_1_449' title='bbox 651 2673 818 2715; x_wconf 81' lang='lat'>839-841,</span> <span class='ocrx_word' id='word_1_450' title='bbox 845 2672 887 2708; x_wconf 93' lang='lat' dir='ltr'>in</span> <span class='ocrx_word' id='word_1_451' title='bbox 904 2671 995 2709; x_wconf 89' lang='lat' dir='ltr'>fine.</span> <span class='ocrx_word' id='word_1_452' title='bbox 1015 2690 1056 2696; x_wconf 85' lang='lat'>-—</span> <span class='ocrx_word' id='word_1_453' title='bbox 1079 2683 1126 2708; x_wconf 72' lang='lat' dir='ltr'>eoe</span> <span class='ocrx_word' id='word_1_454' title='bbox 1142 2674 1223 2708; x_wconf 77' lang='lat' dir='ltr'>tuis</span> <span class='ocrx_word' id='word_1_455' title='bbox 1241 2671 1392 2708; x_wconf 80' lang='lat' dir='ltr'>chartis</span> <span class='ocrx_word' id='word_1_456' title='bbox 1419 2673 1553 2709; x_wconf 82' lang='lat' dir='ltr'>omnia</span> <span class='ocrx_word' id='word_1_457' title='bbox 1574 2671 1655 2718; x_wconf 76' lang='lat' dir='ltr'>dep.</span> <span class='ocrx_word' id='word_1_458' title='bbox 1710 2675 1824 2708; x_wconf 80' lang='lat' dir='ltr'>uesta</span> 
     </span>
     <span class='ocr_line' id='line_1_45' title="bbox 340 2717 1872 2765; baseline -0.005 -7"><span class='ocrx_word' id='word_1_459' title='bbox 340 2720 646 2765; x_wconf 85' lang='lat' dir='ltr'>dichiarazione,</span> <span class='ocrx_word' id='word_1_460' title='bbox 670 2718 876 2764; x_wconf 80' lang='lat' dir='ltr'>malgrado</span> <span class='ocrx_word' id='word_1_461' title='bbox 906 2719 946 2756; x_wconf 84' lang='lat' dir='ltr'>la</span> <span class='ocrx_word' id='word_1_462' title='bbox 978 2719 1106 2756; x_wconf 82' lang='lat' dir='ltr'>forma</span> <span class='ocrx_word' id='word_1_463' title='bbox 1142 2719 1308 2763; x_wconf 87' lang='lat' dir='ltr'>poetica,</span> <span class='ocrx_word' id='word_1_464' title='bbox 1344 2718 1398 2755; x_wconf 87' lang='lat' dir='ltr'>ha</span> <span class='ocrx_word' id='word_1_465' title='bbox 1431 2719 1552 2755; x_wconf 89' lang='lat' dir='ltr'>molto</span> <span class='ocrx_word' id='word_1_466' title='bbox 1582 2717 1720 2756; x_wconf 85' lang='lat' dir='ltr'>valore</span> <span class='ocrx_word' id='word_1_467' title='bbox 1751 2729 1823 2762; x_wconf 84' lang='lat' dir='ltr'>per</span> <span class='ocrx_word' id='word_1_468' title='bbox 1871 2748 1872 2751; x_wconf 75' lang='grc'>,</span> 
     </span>
     <span class='ocr_line' id='line_1_46' title="bbox 340 2764 1822 2806; baseline -0.002 -1"><span class='ocrx_word' id='word_1_469' title='bbox 340 2768 600 2806; x_wconf 88' lang='lat' dir='ltr'>confermarci</span> <span class='ocrx_word' id='word_1_470' title='bbox 637 2780 657 2803; x_wconf 91' lang='grc'><strong>6</strong></span> <span class='ocrx_word' id='word_1_471' title='bbox 683 2767 722 2804; x_wconf 89' lang='grc'>16</span> <span class='ocrx_word' id='word_1_472' title='bbox 748 2769 926 2804; x_wconf 84' lang='lat' dir='ltr'>costantc</span> <span class='ocrx_word' id='word_1_473' title='bbox 959 2765 1109 2803; x_wconf 74' lang='lat' dir='ltr'>fedelta</span> <span class='ocrx_word' id='word_1_474' title='bbox 1147 2766 1185 2802; x_wconf 87' lang='lat' dir='ltr'>di</span> <span class='ocrx_word' id='word_1_475' title='bbox 1218 2766 1409 2803; x_wconf 87' lang='lat' dir='ltr'>Lucrezio</span> <span class='ocrx_word' id='word_1_476' title='bbox 1442 2765 1522 2803; x_wconf 84' lang='lat' dir='ltr'>alla</span> <span class='ocrx_word' id='word_1_477' title='bbox 1557 2764 1734 2803; x_wconf 72' lang='lat' dir='ltr'>dotti-ina</span> <span class='ocrx_word' id='word_1_478' title='bbox 1758 2764 1822 2801; x_wconf 87' lang='lat' dir='ltr'>dcl</span> 
     </span>
     <span class='ocr_line' id='line_1_47' title="bbox 340 2812 1872 2859; baseline -0.003 -6"><span class='ocrx_word' id='word_1_479' title='bbox 340 2819 523 2859; x_wconf 81' lang='lat' dir='ltr'>maestro,</span> <span class='ocrx_word' id='word_1_480' title='bbox 549 2826 668 2853; x_wconf 88' lang='lat' dir='ltr'>senza</span> <span class='ocrx_word' id='word_1_481' title='bbox 693 2823 763 2852; x_wconf 82' lang='lat' dir='ltr'>sue</span> <span class='ocrx_word' id='word_1_482' title='bbox 789 2814 978 2859; x_wconf 81' lang='lat' dir='ltr'>aggiunte</span> <span class='ocrx_word' id='word_1_483' title='bbox 1003 2825 1026 2851; x_wconf 93' lang='lat' dir='ltr'>o</span> <span class='ocrx_word' id='word_1_484' title='bbox 1051 2813 1282 2859; x_wconf 83' lang='lat' dir='ltr'>variazioni,</span> <span class='ocrx_word' id='word_1_485' title='bbox 1320 2813 1430 2859; x_wconf 86' lang='lat' dir='ltr'>quali</span> <span class='ocrx_word' id='word_1_486' title='bbox 1454 2813 1492 2851; x_wconf 89' lang='grc'>16</span> <span class='ocrx_word' id='word_1_487' title='bbox 1525 2825 1657 2851; x_wconf 83' lang='lat' dir='ltr'>vanno</span> <span class='ocrx_word' id='word_1_488' title='bbox 1687 2812 1823 2850; x_wconf 64' lang='lat' dir='ltr'>immae</span> <span class='ocrx_word' id='word_1_489' title='bbox 1870 2822 1872 2824; x_wconf 83' lang='lat'>·</span> 
     </span>
    </p>
   </div>
  </div>
 </body>
</html>
