1872 3002
1670 0 1728 51 ²³
1820 0 1872 213 1

374 196 458 243 116
782 194 868 242 DE
898 193 1130 242 RERUM
1159 189 1437 242 NATURA

401 290 694 349 consequitur
725 289 826 346 leto,
854 305 937 336 nec
969 289 1211 348 quisquam
1242 289 1512 348 expergitus
1543 292 1708 346 exstat,

302 358 371 394 928
403 355 575 414 frigida
606 371 740 414 quem
773 354 911 401 semel
943 359 1010 400 est
1042 354 1158 401 vitai
1190 370 1333 413 pausa
1365 358 1532 402 secuta.
1859 386 1863 387 ν

301 423 371 459 910
463 420 476 478 Η
498 420 602 466 Hoc
632 419 771 466 etiam
803 419 979 466 faciunt
1010 419 1091 466 ubi
1123 419 1391 466 discubuere
1421 423 1668 479 tenentque
1856 423 1872 466 {l

402 485 565 544 pocula
596 501 728 543 saepe
759 484 968 532 homines
1000 489 1044 531 et
1076 485 1346 531 inumbrant
1377 492 1458 532 ora
1488 483 1680 544 coronis,
1862 490 1872 538 ἰ

403 568 461 597 ex
493 551 646 597 animo
677 555 728 596 ut
761 550 917 596 dicant
949 550 1127 597 ‘brevis
1160 549 1235 596 hic
1266 554 1333 596 est
1364 549 1542 598 fructus
1573 548 1813 596 homullis:
1859 546 1872 603 ἦ

401 617 492 662 iam
526 616 678 673 fuerit,
712 632 857 674 neque
889 621 990 675 post
1022 631 1241 675 umquam
1273 631 1488 663 revocare
1519 615 1702 662 licebit!
1867 617 1872 622 '

401 687 638 740 tamquam
672 681 721 727 in
753 685 897 728 morte
929 681 1040 727 mali
1074 697 1177 728 cum
1209 680 1370 739 primis
1401 680 1487 727 1100
1518 680 1578 728 sit
1608 695 1779 738 eorum,

300 754 370 791 915
402 747 523 806 quod
554 747 850 793 sitis'exurat
881 746 1070 793 miseros
1105 751 1244 805 atque
1277 746 1408 792 arida
1439 749 1597 804 torres,

300 821 369 857 916
400 817 481 858 aut
512 812 630 858 aliae
662 812 791 859 cuius
824 812 1100 859 desiderium
1132 811 1329 858 insideat
1362 811 1441 858 rei.
1466 811 1481 871 ΙΙ

300 886 369 922 929
458 878 669 936 Denique
701 878 740 924 si
772 894 926 925 vocem
962 894 1114 924 rerum
1147 882 1316 924 natura
1350 883 1534 936 repente

300 952 370 988 930
402 943 558 990 mittat
590 949 633 990 et
665 943 751 990 hoc
783 943 922 990 alicui
951 947 1157 990 nostrum
1192 943 1256 990 sic
1287 943 1490 1002 increpet
1512 943 1634 1002 ipsa,

373 1181 392 1205 e
430 1167 457 1204 il
497 1167 698 1213 dissiparsi
738 1167 803 1213 poi
841 1166 947 1213 degli
985 1168 1106 1205 atomi
1144 1167 1388 1206 dell’anima.
1421 1167 1482 1206 Ne
1516 1168 1570 1206 mi
1603 1171 1717 1207 sento
1751 1169 1779 1207 il
1805 1169 1858 1206 di-

371 1216 466 1253 ritto
504 1215 543 1252 di
582 1228 829 1261 correggere,
868 1215 967 1252 direi
1000 1215 1112 1260 quasi
1147 1220 1348 1261 guastare,
1379 1217 1419 1253 la
1453 1219 1675 1261 pregnante
1709 1229 1859 1262 espres·

371 1263 479 1300 sione
505 1264 566 1301 in:
594 1263 711 1300 turba
742 1268 776 1301 et
808 1264 1006 1308 disiectus,
1037 1275 1146 1300 come
1180 1276 1356 1309 propone
1389 1265 1416 1301 il
1442 1264 1583 1310 Gebei,
1613 1265 1769 1310 seguito
1791 1265 1856 1302 dal

371 1311 548 1395 Bfrieggg.
657 1331 703 1336 —
728 1312 809 1346 927.
837 1310 910 1348 leto
939 1310 954 1326 “
975 1323 1046 1355 per
1072 1311 1110 1348 la
1138 1314 1262 1349 morte
1284 1341 1320 1358 „.
1429 1331 1473 1337 —
1498 1312 1583 1350 928.
1609 1315 1711 1350 vitai
1727 1325 1860 1360 pausa

372 1370 392 1395 0
413 1371 441 1395 r.
540 1388 547 1395 .

464 1415 546 1450 011.
572 1426 696 1460 saepe,
724 1413 814 1451 vale
841 1427 912 1458 per
937 1417 1042 1452 tutta
1068 1415 1107 1452 la
1134 1427 1251 1452 scena
1270 1414 1470 1453 descritta.
1569 1435 1611 1441 ——
1629 1415 1860 1456 inumbrant

371 1474 442 1499 ora
469 1464 648 1507 coronis;
672 1462 815 1499 velano
843 1463 870 1498 11
896 1462 980 1500 viso
1007 1463 1106 1500 colle
1133 1475 1296 1508 corone;
1324 1475 1346 1500 ο
1371 1463 1528 1501 almeno
1553 1476 1635 1502 una
1663 1468 1777 1510 parte
1795 1463 1858 1502 (101

370 1510 472 1547 viso:
498 1513 610 1546 tanto
635 1509 704 1553 piu
731 1522 772 1546 se
791 1510 825 1546 ci
848 1510 1141 1555 immaginiamo
1160 1513 1299 1555 queste
1320 1522 1463 1548 corone
1481 1523 1535 1548 un
1553 1510 1860 1557 po’seomposte,

370 1557 471 1594 sulla
498 1560 602 1594 testa
628 1556 691 1594 dei
717 1557 994 1594 banchettanti
1019 1571 1073 1595 un
1099 1557 1161 1603 po'
1178 1558 1292 1595 brilli.
1326 1558 1540 1596 Intendere
1571 1559 1644 1597 0110
1677 1557 1859 1596 dall’alto

372 1604 477 1642 della
503 1605 633 1642 fronte
666 1605 880 1649 proiettino
915 1605 983 1649 giu
1008 1605 1182 1643 l’ombra
1212 1606 1274 1642 sul
1303 1606 1399 1650 viso,
1433 1618 1529 1650 pare
1562 1609 1705 1652 troppo
1738 1606 1861 1643 artifi-

370 1653 487 1690 cioso.
522 1652 602 1690 Ofr.
634 1653 773 1698 pubem
804 1653 929 1698 pallio
963 1653 1194 1690 inumbrare
1235 1653 1272 1690 di
1306 1653 1426 1698 Apul.
1464 1654 1556 1691 Met.
1591 1655 1636 1691 10
1666 1665 1755 1700 pag.
1790 1655 1859 1691 738

371 1700 472 1737 Oud.
573 1721 612 1724 —
641 1699 726 1736 912.
754 1712 800 1736 ea:
826 1702 959 1738 animo
996 1700 1239 1747 “trivelando
1264 1700 1290 1737 1⁷
1303 1701 1442 1739 intimo
1477 1701 1538 1739 lor
1567 1702 1807 1740 sentimento
1829 1730 1860 1747 „.

372 1747 410 1785 Si
433 1760 612 1792 suppone
630 1759 784 1792 sempre
803 1747 875 1785 che
894 1748 1005 1785 siano
1027 1760 1192 1792 persone
1211 1760 1329 1785 senza
1347 1748 1581 1794 pregiudizi‚
1599 1761 1718 1787 senza.
1734 1760 1859 1796 paui-e

372 1796 630 1832 acherontee:
658 1807 721 1832 ma
747 1807 801 1831 un
827 1797 933 1832 resto
960 1795 999 1832 di
1016 1797 1131 1833 timor
1148 1795 1253 1833 della
1271 1799 1397 1833 morte
1423 1797 1550 1834 riman
1567 1797 1652 1835 loro
1671 1797 1710 1834 in
1729 1808 1859 1840 cuore,

373 1856 394 1880 e
420 1843 458 1880 10
485 1842 722 1880 tradiscono.
750 1863 793 1866 —
820 1843 896 1880 Del
921 1847 1040 1888 resto,
1066 1847 1206 1887 questo
1233 1855 1350 1890 carpe
1375 1844 1477 1881 diem
1503 1855 1584 1890 era,
1619 1842 1669 1882 ed
1693 1843 1727 1890 ὲ,
1762 1855 1859 1881 voce

372 1891 662 1936 comunissima,
689 1902 709 1927 0
736 1901 816 1927 000
843 1902 1002 1928 0000110
1029 1891 1258 1928 accumular
1284 1891 1482 1929 citazioni.
1506 1891 1756 1929 Rieordiamo
1780 1891 1860 1929 sol-

373 1943 484 1976 tanto
499 1951 554 1975 un
568 1941 901 1983 contemporaneo
917 1938 955 1975 di
968 1939 1181 1976 Lucrezio:
1201 1938 1329 1976 Oatul.
1345 1940 1377 1976 5.
1400 1938 1584 1983 Vivamus
1598 1951 1684 1976 mea
1700 1939 1859 1982 Lesbia,

374 1991 488 2033 atque
514 1998 685 2023 amemus
701 2011 707 2018 .
723 2012 755 2022 ..
783 1986 895 2023 nobis
915 1998 1000 2022 cum
1025 1986 1140 2023 semel
1167 1987 1306 2023 occidit
1333 1986 1458 2024 brevis
1484 1987 1564 2029 lucc,
1590 1998 1670 2024 nox
1695 1990 1751 2024 est
1768 1996 1861 2033 per=

365 2039 486 2080 petua
506 2046 588 2070 una
599 2034 842 2071 dormientia.
861 2034 907 2070 ln
923 2033 1113 2070 Lucrezio
1128 2034 1156 2070 il
1170 2034 1354 2078 pensiero
1375 2034 1391 2050 ‘⁴
1407 2033 1685 2072 affrettiamoci
1699 2033 1859 2079 dunque

373 2095 397 2118 a
423 2081 569 2127 godere
598 2094 618 2118 e
645 2093 668 2117 a
694 2080 890 2118 risarcirci
911 2082 1264 2125 anticipatamente
1297 2080 1401 2119 della
1428 2081 1656 2126 privazione
1681 2081 1820 2119 futura
1838 2107 1856 2124 ,‚

372 2128 394 2167 0
422 2129 610 2174 implicito
638 2128 931 2165 naturalmente
958 2141 978 2166 e
1004 2128 1146 2165 risulta
1171 2128 1297 2165 anche
1329 2128 1394 2166 dal
1425 2134 1623 2167 momento
1659 2128 1857 2168 descritto.

372 2178 406 2214 -Ε
432 2190 455 2213 a
482 2179 620 2221 questo
652 2176 835 2221 pensiero
869 2175 1108 2221 rispondono
1142 2177 1309 2213 914-916.
1416 2197 1460 2202 —-
1493 2177 1573 2214 913.
1606 2175 1683 2214 Gi&
1715 2176 1859 2220 Plaut„

374 2228 472 2270 capt.
490 2225 559 2261 516
585 2226 665 2261 iam
691 2223 817 2270 fuisse
844 2236 960 2269 quam
987 2236 1066 2260 esse
1092 2225 1215 2261 nimio
1241 2223 1433 2261 mavelim.
1536 2243 1583 2249 —-
1608 2223 1695 2261 915.
1722 2228 1858 2270 torres,

373 2273 412 2309 la
431 2272 545 2308 felice
565 2271 791 2309 correzione
810 2271 849 2307 di
866 2271 1028 2308 Laehm.
1052 2270 1192 2316 (anche
1211 2271 1352 2308 Munro
1370 2283 1391 2308 e
1407 2271 1554 2318 Bern.)‚
1570 2283 1641 2317 per
1667 2275 1789 2309 torret
1813 2271 1859 2317 Ο,

375 2323 503 2357 torrat
528 2331 625 2356 corr.
651 2318 684 2356 O
709 2318 742 2362 Q
774 2318 883 2355 Nice.
915 2319 993 2355 Per
1020 2318 1250 2355 l'esistenza
1280 2317 1385 2356 della
1419 2318 1558 2364 parola
1591 2318 1752 2356 Lachm.
1779 2320 1859 2356 cita.

375 2367 538 2412 glossar.
565 2366 700 2410 Gyrilli
724 2362 931 2412 (Ξπόκαυμα,
954 2366 1151 2411 ustz’lacw,
1181 2370 1308 2404 torres
1316 2379 1333 2413 ,·
1355 2378 1427 2411 per
1444 2366 1483 2403 la
1498 2366 1629 2404 forma
1649 2366 1719 2404 cfr.
1741 2366 1858 2410 labes,

376 2414 490 2457 tabes,
507 2414 638 2460 pubes,
659 2416 732 2450 etc.
751 2414 856 2450 Pure
875 2413 936 2450 c’e
955 2413 1170 2450 riluttanza
1192 2413 1240 2450 ad
1263 2413 1491 2450 accettarla.
1508 2413 1640 2459 Brieg.
1659 2413 1780 2459 (Phil.
1798 2414 1868 2458 33)

376 2467 489 2499 trova
508 2461 612 2498 assai
639 2460 787 2497 dubbio
814 2465 940 2498 torres
955 2476 995 2489 =
1013 2463 1124 2506 sz'tz's‚·
1148 2472 1211 2497 ma.
1229 2461 1299 2498 cfr.
1317 2460 1345 2497 il
1364 2463 1498 2498 nostro
1526 2459 1542 2476 ‘⁴
1558 2472 1697 2498 arsura
1712 2488 1744 2504 „.
1769 2461 1860 2506 Egli

374 2510 576 2546 mantiene
603 2512 742 2551 torrat,
769 2520 789 2545 e
816 2507 866 2544 da
891 2507 1048 2552 all’agg.
1071 2509 1191 2545 arida
1217 2508 1331 2552 quasi
1356 2508 1384 2544 il
1409 2508 1546 2546 valore
1572 2508 1612 2545 di
1636 2508 1868 2553 partieipia»

375 2569 446 2602 per
471 2556 667 2594 renderne
698 2567 813 2592 meno
846 2557 982 2592 strana
1017 2555 1056 2591 la
1088 2555 1299 2599 posizione.
1329 2555 1363 2592 Il
1395 2559 1516 2593 torret
1548 2554 1588 2592 di
1619 2555 1652 2593 O
1683 2555 1736 2592 mi
1761 2567 1859 2601 pare

375 2617 430 2641 un
463 2604 609 2641 indizio
648 2603 687 2639 di
724 2603 871 2640 valore.
994 2622 1037 2627 ——
1065 2603 1152 2639 916.
1180 2603 1286 2639 aliae
1318 2614 1407 2646 gen.
1437 2602 1565 2640 anche
1593 2601 1782 2640 Cicerone
1813 2603 1862 2640 de·

379 2652 466 2688 Div.
493 2653 514 2687 2
543 2653 589 2688 30
622 2651 729 2688 aliae
754 2650 930 2696 pecudis,
955 2649 1039 2687 Liv.
1064 2650 1110 2686 24
1135 2650 1179 2685 27
1207 2651 1229 2686 8
1256 2650 1361 2686 aliae
1378 2651 1526 2696 partis.
1551 2649 1655 2687 Vedi
1679 2650 1858 2695 Kiihner,

375 2699 396 2736 I
421 2712 457 2743 p.
478 2700 560 2736 409.
655 2718 701 2722 ——
727 2698 810 2734 923.
837 2697 995 2739 colligat
1033 2709 1105 2734 con
1132 2696 1368 2734 Winckelm.
1388 2709 1410 2734 0
1426 2696 1606 2743 Brieger,
1621 2709 1692 2742 per
1709 2697 1858 2743 colliyit

377 2758 466 2783 mss.
491 2746 534 2783 L.
553 2746 596 2782 Β.
613 2745 664 2782 Μ.
690 2733 723 2782 Ε
750 2743 973 2782 necessaria
997 2726 1023 2780 '1’
1033 2744 1280 2788 espressione
1306 2744 1477 2790 causale,
1502 2743 1646 2788 perche
1662 2743 1694 2782 b
1719 2747 1858 2790 questo

377 2796 505 2841 ipsum
531 2805 570 2830 se
596 2793 775 2835 colliyere
801 2792 874 2829 che
898 2803 1024 2837 prova
1051 2791 1111 2829 cio
1138 2792 1210 2829 che
1236 2790 1258 2829 0
1286 2790 1394 2829 detto
1419 2791 1460 2828 in
1487 2792 1554 2829 921
1582 2804 1638 2837 sg.
