1872 3002
331 111 389 156 40
743 107 829 155 DE
859 106 1092 154 RERUM
1123 105 1398 154 NATURA

261 228 330 264 325

260 550 330 586 330

362 225 469 256 nam
502 207 818 256 communibus
850 207 972 254 inter
1002 223 1049 254 se
1081 206 1313 254 radicibus
1344 205 1550 265 haerent,

361 290 443 321 nec
475 274 571 320 sine
606 272 803 331 pernicie
835 271 995 319 divelli
1027 287 1156 330 posse
1185 270 1416 318 videntur.

361 339 481 397 quod
513 353 659 395 genus
691 354 714 383 e
747 336 897 383 thuris
929 336 1106 395 glaebis
1132 335 1325 383 evellere
1358 336 1542 383 odorem

360 403 483 449 haud
516 403 648 449 facile
679 406 759 459 est,
793 401 905 460 quin
936 401 1132 448 intereat
1165 405 1332 447 natura
1364 417 1544 460 quoque
1574 400 1688 459 eius,

361 469 426 515 sic
457 468 598 514 animi
633 471 768 526 atque
800 467 980 513 animae
1011 471 1227 513 natuiam
1261 482 1447 526 corpore
1489 470 1585 514 toto

361 534 601 581 extrahere
633 533 746 579 haut
778 532 912 580 facile
943 537 1024 591 est,
1060 532 1171 605 quin
1203 532 1360 579 omnia
1391 531 1716 607 dissoluantur.

361 599 557 658 inplexis
588 598 654 644 ita
686 597 924 656 principiis
956 598 1014 644 ab
1047 597 1226 656 origine
1262 597 1408 656 prima

361 665 480 710 intel
512 680 558 710 se
589 663 707 709 fiunt
740 662 939 710 consorti
972 662 1182 721 praedita
1213 662 1324 715 vita,

362 745 445 775 nec
476 728 564 776 sibi
597 744 802 787 quaeque
835 727 931 774 sine
963 727 1155 774 alterius
1189 726 1235 774 vi
1269 742 1396 785 posse
1428 725 1611 775 videtur

363 794 566 853 corporis
598 798 736 853 atque
769 793 914 839 animi
944 809 1148 839 seorsum
1175 792 1342 839 sentire
1370 796 1583 852 potestas,

262 875 331 911 335
362 860 440 907 scd
474 860 793 907 communibus
825 859 945 906 inter
977 875 1053 906 eas
1086 859 1312 906 conflatur
1344 858 1577 918 utrimque

333 1082 497 1130 giacche
530 1087 683 1120 tenetur
714 1083 807 1121 vuol
833 1082 917 1119 dire
957 1083 978 1102 “
1000 1081 1020 1119 ὲ
1056 1084 1198 1120 tenuta
1231 1083 1409 1130 insieme,
1445 1096 1466 1121 6
1491 1083 1628 1128 quindi
1662 1094 1820 1122 conser-

333 1134 467 1177 vata„
475 1131 583 1168 .Ma
609 1131 713 1168 forse
740 1131 930 1168 Lucrczio
958 1130 1009 1167 ha
1035 1142 1187 1168 omesso
1214 1130 1253 1167 di
1278 1131 1351 1168 dar
1375 1131 1443 1176 qui
1462 1135 1603 1176 questa
1627 1143 1753 1178 prova
1778 1131 1821 1174 (il

334 1161 467 1234 corpo„
479 1191 600 1216 causa
620 1179 766 1216 salutis
792 1178 882 1216 dell
885 1178 1046 1221 amma)
1071 1177 1218 1222 perche
1244 1190 1293 1216 06
1320 1178 1418 1217 dara
1443 1191 1467 1216 a
1493 1179 1743 1217 esuberanza
1767 1179 1819 1218 da

333 1229 402 1281 413
430 1227 469 1263 in
495 1227 574 1271 gin.
599 1226 676 1263 Noi
702 1225 896 1271 cogliamo
922 1225 989 1270 qui
1015 1225 1205 1264 Lucrezio
1227 1226 1288 1263 sul
1314 1226 1429 1269 fatto,
1454 1226 1495 1263 in
1516 1239 1573 1265 un
1597 1225 1658 1265 de’
1672 1226 1754 1266 nasi
1778 1227 1821 1265 in

334 1275 396 1311 cui
423 1274 500 1318 egli
527 1286 605 1311 non
632 1274 683 1310 ha
708 1276 850 1318 saputo
885 1273 963 1310 ben
989 1272 1181 1310 afferrare
1213 1285 1236 1311 0
1274 1274 1351 1311 ben
1385 1252 1545 1312 ril'erire
1577 1274 1618 1312 la
1643 1273 1821 1313 dottrina

334 1322 397 1359 del
424 1334 494 1359 suo
528 1321 657 1366 fonte3
686 1321 788 1358 onde
814 1321 846 1358 si
872 1332 998 1365 prova
1035 1320 1107 1357 che
1142 1321 1284 1366 talora,
1315 1333 1388 1367 per
1417 1322 1497 1360 ben
1533 1321 1719 1360 intendet
1742 1322 1821 1360 Lu-

334 1369 474 1414 crezio‚
499 1369 667 1413 bisogna
699 1368 849 1406 andare
883 1368 1009 1405 anche
1035 1367 1076 1405 al
1102 1368 1142 1404 di
1177 1367 1216 1405 la
1243 1368 1305 1406 (161
1333 1381 1404 1407 suo
1429 1370 1625 1414 pensiero.
1650 1370 1712 1408 La
1735 1369 1821 1408 dot-

332 1417 438 1454 trina
465 1429 535 1454 ora
560 1419 780 1454 accennata
802 1415 865 1453 dei
888 1415 1088 1453 diversi
1109 1416 1256 1461 servigi
1277 1417 1350 1454 che
1371 1417 1505 1454 anima
1531 1430 1552 1456 6
1579 1429 1698 1463 corpo
1722 1417 1822 1462 reci<

333 1467 588 1510 procamente
614 1463 645 1501 si
682 1468 884 1509 prestano,
924 1463 1143 1501 l’abbiamo
1175 1463 1215 1500 in
1249 1464 1435 1510 Epicuro,
1467 1477 1488 1502 6
1514 1465 1543 1502 il
1570 1476 1642 1503 suo
1668 1469 1771 1503 testo
1796 1463 1818 1502 ὸ

333 1514 598 1550 commentato
632 1512 708 1548 vol.
734 1512 928 1556 1p.21-o
930 1511 1010 1548 215.
1045 1511 1094 1547 In
1119 1511 1310 1549 Lucrezio
1349 1514 1475 1550 stesso
1499 1512 1538 1550 n’
1555 1512 1739 1550 abbiamo
1765 1523 1820 1550 un

333 1571 458 1614 cenno
484 1571 582 1604 poco
607 1559 675 1603 piu
701 1524 850 1604 avanti,
877 1558 914 1596 al
941 1571 977 1595 v.
996 1559 1082 1604 357;
1109 1571 1130 1595 e
1155 1559 1227 1596 556
1252 1571 1335 1604 sgg.
1357 1559 1544 1598 abbiamo
1569 1571 1651 1598 una
1677 1559 1821 1598 descri-

332 1607 446 1644 zione
473 1573 617 1643 ‹lpiffusa
644 1606 707 1643 del
741 1618 875 1643 come
909 1588 1082 1643 l'ariima
1114 1610 1267 1644 tenetm
1300 1619 1325 1643 a
1358 1619 1528 1654 corpore.
1559 1607 1663 1646 Vedi
1689 1607 1816 1645 anche

332 1656 417 1691 564-
419 1655 500 1691 574
526 1654 616 1691 Non
643 1666 664 1690 6
691 1666 809 1691 senza
834 1654 1038 1695 interesse
1066 1653 1192 1691 anche
1218 1666 1327 1692 come
1352 1667 1475 1700 segno
1492 1654 1556 1692 del
1573 1655 1822 1693 conservarsi

334 1702 439 1738 della
465 1701 652 1746 dottrina,
677 1701 704 1738 11
731 1701 950 1747 confronto,
977 1701 1082 1738 circa
1108 1705 1248 1745 questo
1266 1700 1315 1738 ed
1333 1702 1426 1739 altri
1444 1702 1559 1748 punti
1576 1701 1821 1749 precedenti,

333 1749 396 1786 del
422 1749 660 1786 frammento
685 1748 723 1785 di
749 1749 928 1793 Diogene
955 1748 995 1785 di
1019 1749 1225 1791 Enoanda,
1251 1749 1326 1786 Rh.
1347 1715 1469 1787 illus.p
1478 1750 1570 1787 1892
1590 1761 1626 1797 p.
1642 1751 1724 1788 448.

428 1796 514 1833 323.
543 1797 636 1834 haec
661 1797 700 1842 iq
704 1799 786 1834 itm·
810 1800 973 1841 natm-‚a
1000 1808 1022 1833 6
1048 1796 1234 1833 evidente
1260 1796 1332 1834 che
1358 1797 1388 1834 si
1395 1797 1541 1842 gnifica
1565 1797 1739 1835 l’anima
1765 1795 1820 1834 fin

333 1844 401 1889 qui
419 1843 619 1881 descritta.
713 1864 756 1868 —
780 1848 932 1881 tenetur
952 1843 1117 1881 traduce
1139 1841 1345 1890 στεγάζεται
1363 1811 1419 1882 dig
1424 1845 1484 1890 Ep
1485 1845 1533 1882 ic.
1606 1865 1653 1870 —-
1673 1844 1759 1882 325.
1783 1844 1819 1882 Il

332 1891 586 1937 soggiuntivo
627 1903 644 1927 s
647 1890 829 1929 'intende
870 1890 1245 1929 immediatamente.
1282 1891 1317 1928 Il
1353 1904 1468 1930 verso
1508 1891 1530 1930 ὸ
1567 1892 1628 1938 rip
1632 1894 1742 1931 etuto
1782 1891 1819 1929 V

331 1941 413 1976 554.
509 1959 556 1963 —
580 1938 667 1975 326.
692 1940 885 1984 videntur,
915 1939 954 1976 al
990 1938 1125 1976 solito:
1166 1938 1228 1975 “si
1265 1938 1365 1977 vede
1395 1940 1522 1987 che„.·‚
1555 1939 1636 1978 cosi
1662 1941 1821 1978 videtur

333 1988 414 2024 333.
433 1988 513 2023 338.
601 2006 647 2011 —
666 1987 833 2023 327-330.
850 1987 912 2023 Ho
929 1986 1038 2024 detto
1060 1998 1177 2031 sopra
1195 1987 1267 2023 che
1286 1988 1353 2031 qui
1371 1987 1563 2025 Lucrezio
1583 1999 1663 2025 0011
1682 1987 1725 2025 fa
1745 1987 1819 2025 che

330 2034 577 2071 riaffermare
598 2034 622 2070 l’
634 2034 773 2071 intima
790 2034 948 2079 unione,
966 2045 1074 2071 come
1098 2034 1320 2071 necessaria
1338 2034 1418 2072 alla
1435 2035 1565 2072 salute
1583 2034 1646 2073 dei
1665 2034 1754 2072 due.
1771 2034 1818 2072 In

332 2082 481 2127 effetto,
506 2081 614 2127 perb,
641 2082 766 2119 anche
793 2082 860 2126 qui
887 2081 953 2118 c’e
981 2081 1223 2118 confusione.
1249 2082 1350 2120 Fino
1376 2095 1400 2119 a
1425 2094 1557 2120 mezzo
1582 2083 1654 2120 330
1678 2083 1710 2120 si
1733 2082 1819 2120 dice

332 2129 523 2174 piuttosto
542 2130 612 2166 che
635 2130 660 2166 11
681 2141 798 2174 corpo
815 2141 894 2165 non
912 2128 990 2174 pub
1010 2129 1243 2166 continuare
1261 2129 1310 2165 ad
1330 2129 1494 2168 esistere
1512 2141 1631 2167 senza
1647 2129 1820 2175 l‘anima,

331 2190 353 2214 6
380 2177 592 2222 l'esempio,
614 2189 637 2213 a
657 2177 799 2221 rigore,
822 2176 931 2213 calza
952 2189 1023 2220 per
1043 2179 1183 2220 questo
1205 2179 1386 2214 concetto
1412 2177 1604 2224 soltant03
1631 2177 1695 2223 poi
1716 2177 1820 2215 salta

332 2225 437 2262 fuori
454 2225 493 2261 la
514 2224 764 2262 conclusione
782 2224 867 2268 (piu
885 2223 1016 2268 ampia
1034 2223 1139 2261 della
1156 2225 1373 2269 premessa)
1390 2227 1487 2271 quin
1513 2227 1673 2263 omnia
1697 2225 1820 2263 disso-

333 2273 511 2310 luantur.
608 2292 651 2296 ——-
677 2271 765 2308 329
791 2283 950 2318 corpore
971 2275 1047 2308 toto
1073 2283 1094 2308 6
1115 2272 1340 2309 necessario
1366 2285 1437 2317 per
1454 2273 1494 2310 la
1515 2273 1681 2318 ragione
1706 2271 1819 2310 detta

332 2321 371 2356 in
392 2321 462 2356 403
484 2331 529 2364 sg
638 2338 681 2344 —-
703 2319 773 2355 331
799 2331 844 2364 sg
847 2320 978 2365 ,fiunt
993 2319 1196 2362 (nascono)
1218 2320 1402 2365 impleoeis
1415 2322 1636 2384 principiis
1654 2322 1717 2365 (=
1735 2321 1820 2367 pri·

331 2331 529 2411 ιηονιῖίι3,ἕ
532 2349 614 2404 ’6116
647 2379 726 2404 000
762 2331 877 2403 entgra
911 2365 1226 2409 nell’esametro)
1259 2369 1367 2404 inter
1398 2379 1438 2405 se
1465 2366 1676 2406 “nascono
1701 2366 1817 2405 l'uno

331 2396 561 2458 coll’altlb„
602 2434 648 2439 —
678 2426 862 2460 quaeque,
889 2413 1128 2451 trattandosi
1164 2413 1202 2450 di
1237 2413 1325 2452 due.
1344 2413 1413 2452 Cib
1440 2415 1552 2460 spieg
1527 2427 1578 2460 ga
1603 2414 1819 2452 finamente

331 2463 360 2499 il
385 2462 543 2499 Munro
553 2473 624 2506 per
659 2461 858 2498 influenza
894 2460 933 2498 di
958 2461 1049 2507 sibi,
1076 2473 1099 2498 a
1133 2461 1300 2506 cagione
1335 2461 1440 2499 della
1466 2465 1580 2500 tanto
1606 2463 1819 2507 frequente

330 2511 477 2547 unione
504 2508 541 2546 di
568 2511 730 2556 quisque
755 2520 828 2546 con
853 2520 960 2553 3ιιιι3,
986 2510 1061 2546 sui.
1088 2508 1214 2546 Senza
1242 2508 1269 2545 il
1296 2508 1377 2546 sibi
1395 2512 1503 2548 66110
1522 2510 1713 2548 Lucrezio
1737 2521 1818 2547 non

331 2557 469 2595 diceva
493 2568 563 2594 ‘nec
578 2568 760 2602 quaeque,
786 2569 850 2592 ma
868 2560 1094 2602 neutraque.
1121 2556 1264 2593 Munro
1286 2557 1385 2594 cita.
1411 2556 1491 2594 Cic.
1518 2557 1631 2595 Rosc.
1648 2568 1740 2595 com
1759 2557 1818 2594 32.

330 2605 415 2642 Liv.
436 2605 477 2641 II
497 2606 515 2641 7
539 2603 570 2641 1.
591 2605 631 2641 Χ
654 2605 696 2640 12
717 2605 750 2641 3.
771 2603 955 2640 XXVIII
972 2604 1018 2640 20
1040 2604 1093 2640 10.
1183 2623 1220 2628 -
1244 2603 1328 2641 335.
1350 2602 1629 2643 communibus
1649 2603 1819 2642 motibus

330 2653 527 2698 conflatur
551 2664 712 2695 sensus;
745 2656 806 2688 sta
839 2651 960 2688 bene:
987 2663 1050 2687 ma
1083 2651 1274 2688 Lucrezio
1307 2663 1387 2689 non
1423 2652 1562 2698 rilem,
1597 2663 1647 2690 06
1673 2651 1742 2697 qui
1767 2650 1817 2688 ne

330 2700 400 2737 560
425 2712 521 2745 sgg„
555 2699 594 2736 la
630 2680 848 2736 diff’erenza
886 2698 958 2736 6116
983 2698 1012 2735 11
1047 2710 1194 2741 sensus,
1223 2702 1376 2736 mentre
1402 2711 1481 2737 non
1508 2713 1529 2737 e
1568 2699 1727 2744 proprio
1753 2697 1816 2736 (161
