1872 3002
317 192 373 237 68
727 188 812 238 DE
843 188 1075 238 RERUM
1106 187 1384 239 NATURA

244 303 314 339 550
345 290 520 332 secreta
551 286 608 332 ab
641 285 772 332 nobis
804 290 1036 344 nequeunt
1068 287 1237 334 sentire
1268 301 1415 345 neque
1446 301 1556 344 esse,
1607 316 1610 318 v

345 350 424 397 sed
454 355 608 397 tamen
639 350 688 397 in
722 366 862 409 parvo
894 351 1131 398 lincuntur
1162 356 1366 411 tempore
1396 350 1506 409 tabi,
1570 356 1575 366 ²

346 415 411 461 sic
442 415 623 462 animus
655 431 735 474 per
766 431 812 463 se
844 431 933 462 non
969 416 1069 475 quit
1102 417 1201 464 sine
1233 432 1420 476 corpore
1451 420 1496 463 et
1526 416 1626 475 ipso

346 496 441 527 esse
472 479 670 538 homine,
701 480 828 528 illius
860 482 992 540 quasi
1024 482 1146 540 quod
1178 498 1260 529 vas
1291 497 1387 529 esse
1419 480 1615 538 videtur,

347 545 442 592 sive
470 545 596 591 aliud
629 545 739 604 quid
771 546 842 593 vis
874 546 1026 605 potius
1059 547 1347 594 coniunctius
1379 546 1420 593 ei

246 627 315 663 555
347 610 544 669 fingere:
579 610 950 670 quandoquidem
984 627 1159 660 conexu
1194 628 1358 671 corpus
1389 610 1620 659 adhaeret.
1663 656 1664 659 ,

318 830 376 867 La
403 829 649 867 costruzione
674 829 859 867 naturale
885 829 1075 867 sarebbe:
1104 834 1138 867 et
1164 830 1287 868 veluti
1309 842 1452 868 manus
1470 830 1756 878 atqueoculus.
1773 857 1779 864 .
1796 857 1804 866 .

318 890 439 924 neque
465 889 555 923 esse,
581 879 638 915 sic
662 879 832 921 animus,
874 879 944 923 qui
967 890 1047 915 non
1072 890 1181 915 secus
1220 882 1335 925 atque
1373 890 1492 916 aures
1518 881 1588 916 aut
1621 878 1727 917 oculi
1750 883 1806 916 est

318 926 489 963 hominis
501 937 601 971 pars
621 936 714 971 una,
728 937 804 971 per
824 937 863 962 se
881 937 960 963 non
982 927 1066 971 quit
1087 931 1160 963 etc.
1178 925 1258 963 cfr.
1277 927 1317 963 ΙΙ
1336 927 1406 964 910
1423 938 1506 971 sgg.
1581 945 1625 959 .-
1642 925 1724 964 551.
1738 926 1806 963 sed

319 977 446 1010 tumen
473 971 494 1010 ὸ
521 973 701 1018 spiegato
728 972 793 1009 dal
811 972 1043 1010 Lachmann
1069 974 1135 1010 secl
1160 975 1204 1011 in
1234 978 1399 1018 tempore
1423 974 1601 1020 quamvis
1623 985 1758 1020 parvo,
1784 986 1805 1011 e

319 1021 399 1058 cosi
418 1020 445 1057 il
463 1021 605 1058 Munro
624 1020 695 1057 che
714 1020 871 1065 spiega:
897 1021 964 1058 sed
985 1023 1029 1057 in
1051 1024 1216 1067 tempore
1237 1024 1415 1068 quamvis
1427 1033 1556 1068 parvo
1577 1026 1706 1059 tamen
1726 1022 1762 1066 l.‚
1785 1033 1807 1058 e

318 1068 396 1105 cita
422 1068 606 1112 parecchi
633 1069 792 1113 esempi,
825 1068 920 1105 tutti
953 1068 1014 1105 sul
1049 1069 1132 1113 tipo
1158 1068 1198 1105 di
1224 1069 1294 1106 hoc
1319 1070 1511 1116 adspersi,
1540 1073 1584 1106 ut
1607 1071 1730 1106 scires
1749 1081 1806 1106 me

320 1120 447 1152 tamen
474 1117 518 1152 in
545 1115 739 1154 stomacho
764 1116 895 1153 ridere
920 1116 1043 1153 solere
1071 1136 1110 1140 —
1139 1128 1160 1154 e
1186 1129 1236 1154 ne
1254 1121 1399 1162 poteva
1425 1116 1549 1154 citare
1574 1116 1702 1154 anche
1726 1116 1807 1162 pin,

317 1162 480 1208 giacche
506 1163 527 1200 ὸ
554 1163 630 1200 ben
658 1170 751 1200 noto
777 1166 917 1208 questo
943 1175 1014 1200 uso
1040 1162 1079 1200 di
1106 1167 1234 1201 tamen
1260 1164 1487 1202 riferentesi
1513 1176 1538 1202 a
1562 1176 1644 1202 una
1669 1163 1807 1210 parola

318 1211 402 1248 sola
420 1211 527 1248 nella
545 1210 759 1248 medesima
774 1211 1060 1256 proposizione.
1077 1210 1143 1248 Ma
1161 1212 1229 1256 qui
1244 1211 1272 1249 il
1291 1224 1382 1250 caso
1398 1211 1419 1249 e
1438 1212 1608 1258 diverso,
1625 1224 1648 1250 e
1667 1214 1807 1257 questo

320 1263 447 1295 tamen
482 1258 685 1295 andrebbe
725 1258 826 1296 bene
864 1271 906 1296 se
933 1259 967 1295 ci
993 1258 1097 1296 fosse
1137 1259 1278 1306 lonyo
1315 1264 1492 1306 tempore.
1518 1259 1588 1297 Sta
1614 1259 1716 1297 bene
1739 1260 1807 1297 sed

319 1311 506 1343 tamen:
523 1307 591 1344 sed
614 1308 808 1352 quamvis,
842 1306 946 1343 ossia
978 1306 1177 1344 sostituito
1214 1307 1252 1344 al
1287 1311 1416 1345 tamen
1449 1307 1478 1344 il
1503 1319 1574 1345 suo
1598 1308 1807 1345 sottinteso

321 1355 339 1371 ‘⁴
359 1353 532 1391 sebbene
552 1367 594 1400 „3
616 1353 666 1390 ed
683 1352 704 1391 ὲ
722 1353 848 1391 anche
872 1366 965 1391 vero
985 1354 1056 1391 che
1083 1355 1151 1399 qui
1171 1355 1299 1399 potrei
1321 1354 1405 1393 dire
1423 1356 1490 1393 sed
1506 1356 1684 1402 quamvis
1703 1354 1811 1392 brevi

320 1405 505 1448 tempore:
523 1414 587 1438 ma
608 1401 739 1439 dando
758 1402 796 1438 al
815 1403 992 1447 quamvis
1013 1414 1067 1438 un
1093 1402 1195 1439 altro
1220 1402 1366 1448 valore,
1384 1403 1488 1440 ossia
1506 1408 1525 1422 ⁶⁶
1545 1403 1586 1440 in
1602 1414 1658 1440 un
1675 1405 1807 1448 tempo

323 1449 441 1486 breve
456 1454 605 1493 quanto
620 1453 663 1486 tu
676 1450 770 1486 vuoi
784 1475 803 1492 „
819 1464 867 1478 =
881 1450 897 1467 ‘⁴
913 1449 954 1486 in
968 1462 1022 1486 un
1041 1455 1171 1494 tempo
1187 1449 1418 1488 brevissimo
1434 1479 1465 1497 „.
1480 1449 1514 1487 Il
1527 1453 1663 1488 nostro
1679 1454 1806 1488 tamen

320 1496 411 1534 sara
437 1498 629 1541 piuttosto
656 1496 706 1533 da
732 1497 913 1542 spiegare
948 1496 987 1533 in
1014 1496 1200 1542 analogia
1233 1511 1255 1534 a
1281 1498 1371 1542 quei
1399 1502 1527 1536 tamen
1563 1497 1637 1536 che
1662 1497 1809 1536 s’acco-

321 1549 434 1582 stano
461 1544 499 1581 al
526 1556 640 1582 senso
667 1544 706 1581 di
733 1546 912 1582 tandem:
940 1557 976 1589 p.
1008 1556 1060 1582 es.
1094 1544 1235 1583 Ovidio
1271 1550 1390 1583 totum
1421 1547 1646 1592 percensuit
1681 1545 1808 1587 orbem

321 1604 410 1629 mox
436 1603 525 1629 ossa
549 1594 781 1638 requirens;
805 1594 954 1638 reperit
979 1603 1068 1629 ossa
1095 1597 1234 1630 tamen.
1265 1593 1439 1638 Dunque
1473 1594 1492 1611 “
1508 1605 1572 1630 ma
1597 1593 1640 1631 in
1664 1591 1720 1630 fin
1745 1593 1808 1630 dei

321 1640 446 1682 conti;
479 1652 541 1676 ma
574 1640 613 1676 in
640 1643 824 1677 sostanza
845 1654 885 1686 „3
919 1640 1111 1677 insomma
1143 1653 1197 1677 un
1230 1641 1415 1686 semplice
1448 1640 1622 1679 rinforzo
1658 1640 1698 1678 di
1730 1641 1808 1678 sed.

322 1687 495 1732 Oppure,
516 1699 557 1724 se
579 1687 880 1725 ellitticamente
906 1687 938 1724 si
964 1687 1058 1726 vuol
1084 1688 1244 1733 proprio
1265 1688 1535 1733 conservargli
1554 1688 1584 1726 il
1603 1699 1676 1726 suo
1690 1688 1810 1734 signi-

321 1734 439 1772 ficato
461 1734 499 1772 di
528 1736 546 1752 “
565 1748 676 1780 pure,
696 1736 869 1772 tuttavia
888 1761 927 1780 „‚
954 1735 986 1771 si
1006 1735 1166 1773 riferira
1187 1748 1266 1773 non
1286 1736 1352 1781 gia
1373 1749 1397 1773 a
1420 1736 1527 1774 brevi
1546 1739 1724 1783 tempore,
1746 1748 1808 1773 ma

321 1782 359 1819 al
386 1783 468 1820 solo
500 1786 666 1829 tempore
674 1796 689 1830 ;
713 1782 817 1821 cioe:
844 1787 878 1820 et
903 1785 1080 1830 quamvis
1105 1787 1285 1830 tempore,
1316 1784 1523 1821 lincuntur
1554 1788 1683 1822 tamen
1715 1784 1810 1828 tabi,

323 1835 356 1867 el
384 1831 491 1867 brevi
509 1832 664 1876 quidem
691 1834 868 1877 tempore.
965 1850 1003 1855 —
1036 1831 1243 1868 lincuntur
1269 1832 1308 1876 (o
1335 1832 1589 1878 linquuntur)
1625 1843 1696 1877 per
1721 1834 1809 1868 mss.

324 1880 557 1924 (inquietum
574 1880 594 1898 “
608 1890 704 1916 sono
719 1877 1004 1923 abbandonati‚
1023 1890 1093 1915 son
1110 1878 1191 1916 dati
1208 1880 1249 1915 in
1266 1878 1374 1916 balia
1390 1879 1471 1916 alla
1489 1878 1764 1924 putrefazione
1778 1905 1810 1922 „.

323 1927 402 1962 Cfr.
425 1938 498 1963 con
523 1926 644 1963 Lach.
670 1926 698 1963 il
723 1926 936 1970 virgiliano
971 1925 1136 1963 alitibus
1170 1927 1346 1973 linquere
1378 1926 1482 1973 feris
1513 1938 1535 1964 e
1570 1926 1711 1964 Ovidio
1738 1927 1811 1964 leto

320 1985 539 2020 poenaeque
563 1974 738 2011 relictus.
763 1974 796 2010 Il
823 1974 965 2010 Munro
993 1974 1181 2019 licuntur,
1207 1986 1229 2011 e
1255 1974 1335 2011 cita
1363 1976 1462 2012 Aen.
1486 1974 1549 2011 111
1573 1974 1631 2020 28,
1657 1973 1757 2012 dove
1781 1973 1811 2010 il

324 2020 406 2058 cod.
433 2021 464 2057 P
500 2020 552 2058 ha
579 2022 792 2067 linquntur
823 2033 894 2066 per
930 2021 1108 2058 licuntur
1142 2022 1229 2065 (cfr.
1256 2021 1326 2059 Ov.
1354 2021 1445 2059 Met.
1470 2021 1512 2059 11
1535 2023 1606 2060 508
1632 2022 1812 2068 lentaque

325 2071 550 2106 miserrima
576 2069 661 2106 tabe
688 2069 884 2115 liquitur).
911 2068 977 2105 Ma
1003 2071 1069 2114 qui
1092 2068 1278 2106 abbiamo
1306 2070 1398 2107 tabi.
1425 2069 1460 2106 11
1485 2069 1650 2115 Brieger
1674 2069 1728 2107 ha
1746 2069 1811 2106 nel

324 2120 425 2154 testo
445 2117 631 2155 licuntur,
652 2129 714 2154 ma
732 2116 797 2153 dai
815 2116 1103 2161 prolegomena
1119 2116 1151 2153 si
1170 2116 1270 2154 vede
1288 2116 1361 2154 che
1378 2117 1594 2155 intendeva
1611 2122 1811 2162 stampare

325 2170 574 2215 linquuntur.
602 2169 722 2215 (Vedi
747 2168 883 2207 infatti
907 2168 1024 2206 Burs.
1047 2169 1230 2207 Jahresb.
1250 2171 1341 2207 1896
1366 2182 1403 2214 p.
1426 2170 1523 2214 131.)
1546 2159 1592 2214 [E
1613 2170 1812 2208 un’astru-

325 2219 428 2254 soria
454 2217 605 2254 l’obiez.
631 2217 671 2254 di
696 2217 849 2254 Heinze
876 2223 1012 2254 contro
1039 2217 1256 2260 lincuntur,
1282 2217 1355 2254 ohe
1384 2216 1401 2234 “
1419 2218 1447 2254 il
1469 2229 1586 2263 corpo
1610 2222 1719 2256 resta
1744 2218 1813 2255 ab·

326 2264 554 2302 bandonato
581 2265 660 2302 alla
687 2265 962 2309 putrefazione
988 2264 1121 2302 subito
1146 2265 1296 2310 partita
1323 2264 1496 2310 l'anima,
1520 2277 1599 2303 non
1624 2269 1669 2304 in
1687 2277 1814 2312 parvo

327 2317 502 2358 tempore.
522 2313 553 2355 „]
652 2334 697 2339 —
722 2313 806 2347 555.
827 2312 864 2348 A
892 2316 994 2349 torto
1020 2312 1142 2349 Lach.
1170 2325 1190 2349 e
1215 2312 1332 2349 Bern.
1358 2314 1609 2358 sopprimono
1633 2313 1663 2359 il
1689 2317 1812 2358 punto

325 2359 426 2405 dopo
446 2360 643 2401 adhaeret,
662 2372 682 2396 e
702 2362 853 2397 metton
870 2358 1024 2404 virgola
1041 2359 1143 2404 dopo
1161 2360 1337 2406 denique,
1364 2372 1385 2397 e
1407 2360 1658 2399 confondono
1675 2360 1715 2398 la
1732 2360 1810 2398 fine

326 2408 365 2444 di
387 2410 526 2452 questo
544 2407 846 2451 ragionamento
871 2407 930 2444 col
957 2406 1150 2451 principio
1177 2406 1241 2445 del
1265 2410 1470 2451 seguente.
1487 2406 1564 2445 Gi&
1585 2407 1623 2446 lo
1643 2419 1768 2454 prova
1784 2408 1812 2445 il

326 2455 651 2501 quandoquidem,
670 2455 741 2492 che
763 2467 813 2492 va
839 2466 914 2498 pur
940 2454 1137 2499 collegato
1164 2467 1237 2492 con
1263 2454 1323 2492 01ὸ
1350 2455 1421 2493 che
1443 2455 1626 2502 precede,
1645 2467 1711 2494 mn
1726 2467 1814 2494 vcr-

326 2502 447 2540 rcbbe
464 2503 600 2540 invece
616 2502 737 2540 tirato
755 2514 779 2539 a
792 2503 975 2547 spiegare
992 2513 1093 2548 corp.
1113 2506 1228 2548 atque
1242 2514 1306 2539 an.
1321 2505 1392 2539 viv.
1406 2507 1620 2549 potestas..
1632 2531 1641 2542 .
1659 2504 1789 2541 valent
1798 2517 1814 2549 ‚-

325 2562 475 2595 oppure
503 2550 669 2595 bisogna
693 2553 928 2587 ammettere
954 2561 1008 2586 un
1034 2549 1214 2588 asindeto
1239 2562 1318 2587 non
1344 2550 1529 2588 naturale
1551 2550 1590 2588 di
1611 2562 1811 2598 corpus...

328 2598 514 2635 adhaeret
543 2610 564 2635 e
590 2600 661 2634 viv.
683 2602 762 2644 pol.
779 2625 786 2633 .
803 2626 809 2631 .
826 2623 834 2632 .
861 2596 1002 2634 valent-

314 2683 317 2685 *
420 2651 596 2686 556-577.
624 2638 657 2688 E
682 2663 737 2688 1111
762 2650 1060 2696 complemento,
1095 2661 1118 2687 o
1152 2662 1232 2687 una
1262 2650 1440 2696 maggior
1477 2650 1812 2690 determin'azione

327 2697 431 2735 della
458 2711 582 2742 prova
610 2697 860 2744 precedente,
892 2696 953 2734 sul
984 2695 1242 2735 fondamento
1276 2698 1515 2736 dell⁷intimo
1551 2699 1741 2737 intreccio
1770 2698 1812 2735 in

327 2757 416 2782 essa
441 2745 492 2782 da
516 2746 655 2783 ultimo
682 2750 910 2784 accennato.
935 2743 1003 2781 Ma
1028 2744 1221 2788 piuttosto
1243 2745 1315 2783 che
1334 2757 1415 2783 una
1429 2758 1555 2791 prova
1580 2766 1624 2772 —
1649 2745 1812 2792 giacche

327 2794 525 2831 carattere
551 2792 589 2830 di
615 2805 738 2838 prova
763 2806 843 2831 non
868 2793 1002 2830 hanno
1039 2791 1112 2829 che
1138 2792 1151 2828 i
1176 2793 1281 2830 versi
1317 2794 1487 2835 561-563,
1524 2794 1536 2831 i
1574 2794 1683 2840 quali
1715 2792 1812 2840 pero
