1872 3002
562 90 760 168 LIBER
789 118 862 167 1v
896 119 1155 168 1176-1200
1526 118 1614 166 273

111 219 161 275 *ji-³25
203 238 245 261 m
265 215 406 266 ahere
434 216 486 265 in
515 215 667 264 lucem
698 220 838 277 atque
869 216 1020 264 omnis
1051 215 1285 276 inquirere
1316 214 1439 263 risus
1452 231 1464 273 ;

182 320 196 344 ‚
225 283 268 333 si
297 282 418 332 bello
449 281 650 331 animost
682 291 728 330 et
758 299 851 331 non
884 281 1058 340 odiosa,
1092 280 1302 330 vicissim

115 405 123 413 ,
132 348 503 412 praetermittere
533 353 575 396 et
604 348 826 396 humanis
857 347 1105 396 concedere
1136 338 1286 394 rebus.

105 451 122 475 9
149 419 151 421 ’
194 414 298 465 Nec
327 414 498 464 mulier
528 430 709 475 semper
740 414 847 462 ficto
878 414 1084 474 suspirat
1116 429 1287 470 amore,

101 481 259 544 '‘fiquae
289 481 516 543 conplexa
545 481 640 530 viri
671 497 837 541 corpus
870 496 975 528 cum
1008 496 1196 540 corpore
1228 478 1385 537 iungit

105 552 185 603 ssot
212 551 340 597 tenet
369 547 576 596 adsuctis
608 551 848 595 umectans
880 546 1040 595 oscula
1070 546 1237 594 labris:

99 615 249 665 'Quam
279 613 395 663 facit
424 630 485 662 ex
514 613 673 662 animo
705 629 854 674 saepe,
887 618 934 661 et
966 612 1232 661 communia
1264 627 1491 672 quaerens

100 680 314 743 „gaudia
344 681 566 730 sollicitat
597 681 801 742 spatium
834 680 1078 728 decurrere
1112 678 1299 727 amoris.

107 756 224 798 *neo
251 746 434 796 ratione
464 747 559 796 alia
590 746 801 796 volucres
833 750 1046 793 armenta
1077 745 1296 804 feraeque

114 817 187 863 'et
215 812 416 875 pecudes
447 817 494 862 et
524 829 671 874 equae
695 812 906 860 maribus
939 810 1176 859 subsidere
1208 815 1416 870 possunt,

107 879 180 942 [si
207 894 303 929 non
332 879 435 940 ipsa
467 879 591 940 quod
621 878 811 926 illarum
843 878 993 936 subat,
1027 877 1160 925 ardet
1192 876 1437 924 abundans

91 943 310 1011 “natura
339 951 386 994 et
416 944 652 993 Venerem
683 944 932 992 salientum
965 943 1091 991 laeta
1121 946 1386 998 retractat„
1422 993 1425 998 f

70 1008 290 1073 ,ζῖἱιοωιο
319 1009 450 1060 vides
482 1010 627 1059 etiam
659 1026 773 1071 quos
808 1015 971 1058 mutua
1004 1024 1139 1069 saepe
1170 1009 1388 1069 voluptas

90 1074 109 1110 '‘⁷-
138 1076 307 1136 vinxit,
338 1081 392 1126 ut
422 1076 473 1125 in
503 1076 672 1126 vinclis
705 1075 1028 1125 communibus
1060 1075 1420 1123 excrucientur?

96 1178 115 1207 χ
135 1142 190 1192 in
219 1142 374 1192 triviis
405 1158 547 1204 quam
579 1158 714 1204 saepe
746 1159 897 1197 canes,
929 1142 1165 1190 discedere
1198 1142 1394 1199 avenne,

13 1213 21 1258 ἢ
93 1207 315 1269 universi
346 1208 514 1268 cupide
544 1208 739 1257 summis
771 1225 828 1257 ex
855 1209 1025 1257 viribu’
1054 1208 1266 1267 tendunt,

14 1279 21 1321 ³.
84 1291 280 1337 μςιιοηι
310 1275 488 1324 interea
519 1275 691 1323 validis
722 1274 920 1323 Veneris
953 1275 1258 1335 compagibus
1290 1274 1510 1322 haerent!

138 1341 264 1405 quod
294 1341 502 1390 facerent
531 1357 803 1402 numquam,
837 1341 930 1390 nisi
961 1347 1125 1389 mutua
1156 1341 1333 1401 gaudia
1363 1346 1566 1395 nossent,

79 1412 107 1474 ᾖ.
127 1407 260 1470 'quae
289 1408 441 1456 iacere
471 1408 522 1456 in
551 1407 765 1456 fraudem
797 1413 983 1468 possent
1014 1409 1287 1469 vinctosque
1318 1413 1490 1456 tenere.

13 1538 21 1547 ι
96 1496 101 1521 ³
125 1491 285 1537 ‹quare
305 1475 448 1524 etiam
473 1480 614 1535 atque
636 1474 792 1534 etiam,
820 1483 872 1523 ut
899 1475 1015 1533 dico,
1038 1479 1108 1523 est
1134 1474 1381 1523 communi’
1403 1474 1620 1535 voluptas

16 1715 20 1738 ‚
206 1690 430 1731 1184-1200.
463 1691 547 1732 Ora
577 1691 772 1731 Lucrezio
807 1692 1011 1731 ridiventa
1042 1691 1237 1738 fisiologo.
1274 1689 1338 1729 Gli
1368 1693 1533 1731 restano
1570 1690 1623 1730 da

75 1739 655 1829 ‘'ffifflffissssfflieffl?
688 1740 1620 1828 22¹5?va3233,ss⁰‘znir23tegtffiiffissif¹¹52?

8 1833 21 1889 s
76 1856 78 1860 v
104 1831 211 1883 flore
235 1849 420 1894 amorosa
446 1837 511 1876 dei
537 1836 616 1876 due
642 1802 754 1881 slessi,
779 1850 802 1876 e
828 1850 940 1876 come
966 1838 1007 1875 la
1032 1802 1215 1884 vffiluptas
1241 1835 1405 1875 adesehi
1431 1850 1452 1875 e
1479 1836 1622 1875 allacei

86 1885 290 1931 1muohlo
315 1897 339 1925 e
364 1885 556 1925 feminina
581 1885 622 1924 ai
647 1885 809 1924 fecundi
845 1885 1044 1931 amplessi.
1080 1884 1231 1924 Poiehe
1265 1885 1319 1923 ha
1354 1897 1399 1923 or
1433 1884 1549 1923 finito
1586 1884 1627 1922 di

82 1970 86 1971 ⁷
108 1933 275 1981 varlare
299 1932 406 1972 delle
431 1933 661 1972 donnesche
687 1933 864 1981 finzioni‚
898 1946 1018 1980 passa
1055 1933 1381 1972 acconeiamente
1417 1925 1463 1970 ar
1493 1945 1626 1971 nuovo

112 1983 350 2029 argomento
366 1981 607 2021 rieordando
626 1982 698 2020 che
717 1982 847 2020 anche
866 1982 975 2020 nella
993 1981 1128 2021 donna
1146 1981 1177 2019 c’
1191 1980 1212 2019 ὸ
1231 1980 1352 2019 ardor
1370 1980 1410 2018 di
1427 1981 1626 2027 passione,

8 2045 9 2052 ¹
82 2039 83 2042 ’
113 2038 196 2070 non
213 2042 372 2077 sempre
387 2029 574 2069 finzione.
671 2050 715 2056 -
735 2030 830 2067 1185
851 2043 908 2076 sg.
929 2029 1143 2078 Complexo»
1164 2032 1246 2068 viri
1269 2041 1412 2077 corpus
1429 2030 1474 2067 id
1493 2031 1627 2076 iunyit

83 2115 85 2117 .
107 2089 203 2121 oum
226 2090 388 2126 corpore
412 2091 496 2126 suo,
521 2082 558 2118 et
584 2082 686 2117 tenet
711 2078 793 2117 sibi
815 2081 1007 2123 iunctum,
1035 2077 1250 2124 bagnando
1279 2078 1290 2115 i
1317 2077 1409 2116 baoi
1431 2076 1471 2114 di
1489 2077 1546 2115 lui
1566 2078 1627 2115 col

70 2152 72 2154 -
108 2125 353 2167 anochiarne
387 2125 426 2166 le
459 2126 604 2166 labbra
639 2126 741 2166 colle
779 2139 850 2165 sue
887 2127 1045 2165 labbra.
1144 2146 1190 2152 —
1223 2125 1332 2164 1190.
1351 2130 1523 2172 possunt
1553 2137 1627 2163 con

74 2222 77 2223 ⁷
112 2173 161 2215 L.
181 2174 300 2214 Bern.
321 2187 344 2213 e
364 2173 473 2222 Brg„
493 2187 566 2221 per
585 2187 676 2213 mss.
698 2187 720 2213 e
738 2175 885 2214 Munro
903 2178 1078 2222 possent.
1179 2193 1222 2199 -
1242 2173 1343 2210 1191.
1365 2176 1406 2211 si
1423 2186 1503 2212 non
1525 2174 1629 2221 qnod

67 2230 71 2231 ⁷
114 2222 285 2262 illarum
309 2222 524 2262 abundans
549 2227 703 2262 natura
728 2223 857 2266 sabat,
883 2224 998 2262 ardet
1023 2226 1098 2261 etc.
1124 2221 1161 2260 Il
1186 2222 1331 2260 Munro
1358 2234 1555 2260 conserva
1580 2221 1628 2259 il-

66 2314 68 2318 ,
117 2269 248 2310 lorum
270 2283 363 2310 mss.
389 2283 411 2309 e
436 2270 638 2310 l’intende
665 2271 823 2310 riferito
848 2270 1173 2310 materialmente
1200 2271 1240 2308 ai
1266 2269 1500 2316 precedenti
1519 2270 1629 2308 nomi

115 2317 159 2359 di
174 2318 335 2359 diverso
353 2331 516 2367 genere,
530 2332 608 2366 ma,
627 2323 780 2365 quanto
796 2319 835 2357 al
854 2332 984 2365 senso,
1003 2319 1114 2358 detto
1133 2317 1238 2356 delle
1254 2318 1458 2362 femmine,
1484 2316 1629 2364 poiche

96 2365 224 2413 ,delle
239 2365 430 2406 feminine
447 2367 536 2407 suol
553 2367 651 2406 dirsi
669 2367 816 2406 subare
836 2367 853 2383 “
871 2380 1004 2406 essere
1023 2368 1064 2405 in
1083 2366 1219 2405 calore
1237 2393 1253 2410 „
1277 2366 1365 2411 (cfr.
1384 2365 1483 2404 Hor.
1502 2365 1627 2414 Epod.

68 2463 70 2466 Ι
118 2415 165 2454 12
191 2415 265 2458 11).
289 2416 329 2454 A
355 2428 418 2454 me
443 2427 519 2462 par
543 2415 772 2454 necessario
798 2415 966 2454 illarum
991 2416 1050 2454 col
1078 2415 1267 2461 Brieger3
1295 2414 1360 2452 del
1385 2414 1506 2460 quale
1531 2412 1629 2459 pero

108 2474 199 2505 ‚non
224 2475 403 2511 approvo
427 2463 469 2502 la
494 2463 725 2502 mutazione
750 2463 792 2502 di
818 2465 921 2512 quod
945 2464 988 2502 in
1039 2476 1176 2511 uoque,
1202 2463 1276 2501 che
1302 2462 1427 2501 rende
1456 2464 1546 2510 ipsa
1565 2474 1630 2499 su-

70 2559 72 2561 ·
112 2510 284 2558 perfluo.
309 2533 357 2540 —
382 2511 617 2550 Lachmann
644 2511 809 2550 intende
835 2513 999 2552 illorum
1045 2515 1129 2551 etto
1148 2511 1211 2550 dei
1230 2510 1395 2557 masehi,
1423 2523 1443 2549 e
1462 2515 1629 2548 avverte

66 2559 69 2566 ’
117 2558 260 2606 quincii
283 2558 325 2616 la
349 2559 513 2599 insolita
539 2560 816 2606 applioazione
843 2560 884 2598 di
910 2559 1075 2598 subare:
1098 2572 1164 2598 ma
1189 2558 1310 2598 dov'e
1332 2559 1462 2597 allora
1487 2558 1514 2596 il
1542 2570 1630 2604 sog-

122 2609 236 2654 sotto
271 2606 312 2646 dl
342 2611 538 2647 retractat
579 2608 766 2647 Venerem
799 2607 1050 2647 salientum?
1153 2629 1189 2632 —
1227 2607 1335 2643 1197.
1372 2606 1443 2644 cfr.
1479 2607 1572 2644 1105
1610 2619 1630 2643 e

80 2665 94 2707 ζ’
111 2656 228 2700 1140.
324 2674 372 2683 -
389 2656 497 2694 1199.
513 2658 668 2701 ,claudia
687 2657 760 2695 che
779 2669 850 2695 son
871 2659 984 2695 tanto
1002 2655 1159 2703 potenti
1180 2655 1247 2694 nel
1266 2654 1397 2693 tirarli
1420 2654 1485 2692 nel
1503 2654 1631 2692 laceio

63 2715 68 2717 “
110 2714 144 2746 10
173 2703 322 2742 tenerli
346 2704 503 2743 avvinti
535 2703 627 2749 (che
653 2704 679 2742 l'
690 2707 920 2743 excruciari
952 2718 973 2743 e
999 2705 1028 2742 il
1060 2705 1262 2743 discedere
1298 2715 1412 2741 avere
1447 2701 1632 2748 significa

110 2749 195 2801 johe
213 2750 258 2797 in
283 2763 420 2792 amore
445 2751 514 2791 e’e
540 2765 618 2799 pur
635 2753 808 2799 qualche
835 2765 930 2793 cosa
947 2767 970 2791 a
990 2753 1054 2792 cui
1079 2753 1115 2791 si
1134 2751 1382 2791 vorrebbero
1404 2750 1631 2794 ribellare).

203 2826 404 2864 Lnomzzto.
427 2829 481 2864 De
502 2841 624 2864 rerum
642 2834 789 2865 natura.
1511 2827 1550 2861 18
