<?xml version="1.0" encoding="UTF-8"?>
<!DOCTYPE html PUBLIC "-//W3C//DTD XHTML 1.0 Transitional//EN"
    "http://www.w3.org/TR/xhtml1/DTD/xhtml1-transitional.dtd">
<html xmlns="http://www.w3.org/1999/xhtml" xml:lang="en" lang="en">
 <head>
  <title>
</title>
<meta http-equiv="Content-Type" content="text/html;charset=utf-8" />
  <meta name='ocr-system' content='tesseract 3.04.00' />
  <meta name='ocr-capabilities' content='ocr_page ocr_carea ocr_par ocr_line ocrx_word'/>
</head>
<body>
  <div class='ocr_page' id='page_1' title='image "./dererumnaturalib03lucruoft_0220.png"; bbox 0 0 1872 3002; ppageno 0'>
   <div class='ocr_carea' id='block_1_1' title="bbox 265 496 336 534">
    <p class='ocr_par' dir='ltr' id='par_1_1' title="bbox 265 496 336 534">
     <span class='ocr_line' id='line_1_1' title="bbox 265 496 336 534; baseline 0 0"><span class='ocrx_word' id='word_1_1' title='bbox 265 496 336 534; x_wconf 88' lang='lat'>530</span> 
     </span>
    </p>
   </div>
   <div class='ocr_carea' id='block_1_2' title="bbox 1553 0 1872 82">
    <p class='ocr_par' dir='ltr' id='par_1_2' title="bbox 1553 0 1872 82">
     <span class='ocr_line' id='line_1_2' title="bbox 1553 0 1872 82; baseline 0 2920"><span class='ocrx_word' id='word_1_2' title='bbox 1553 0 1872 82; x_wconf 95' lang='lat' dir='ltr'> </span> 
     </span>
    </p>
   </div>
   <div class='ocr_carea' id='block_1_3' title="bbox 342 260 1419 310">
    <p class='ocr_par' dir='ltr' id='par_1_3' title="bbox 342 260 1419 310">
     <span class='ocr_line' id='line_1_3' title="bbox 342 260 1419 310; baseline 0.001 -2"><span class='ocrx_word' id='word_1_3' title='bbox 342 262 430 308; x_wconf 76' lang='lat'>212</span> <span class='ocrx_word' id='word_1_4' title='bbox 761 262 847 309; x_wconf 90' lang='lat' dir='ltr'>DE</span> <span class='ocrx_word' id='word_1_5' title='bbox 879 262 1111 310; x_wconf 85' lang='lat' dir='ltr'>RERUM</span> <span class='ocrx_word' id='word_1_6' title='bbox 1141 260 1419 310; x_wconf 84' lang='lat' dir='ltr'><strong>NATURA</strong></span> 
     </span>
    </p>
   </div>
   <div class='ocr_carea' id='block_1_4' title="bbox 368 357 1508 601">
    <p class='ocr_par' dir='ltr' id='par_1_4' title="bbox 370 357 1508 415">
     <span class='ocr_line' id='line_1_4' title="bbox 370 357 1508 415; baseline 0.002 -13"><span class='ocrx_word' id='word_1_7' title='bbox 370 357 551 415; x_wconf 86' lang='lat' dir='ltr'>quippe,</span> <span class='ocrx_word' id='word_1_8' title='bbox 587 373 664 415; x_wconf 86' lang='lat' dir='ltr'>per</span> <span class='ocrx_word' id='word_1_9' title='bbox 696 362 949 414; x_wconf 83' lang='lat' dir='ltr'>angustum</span> <span class='ocrx_word' id='word_1_10' title='bbox 981 358 1117 404; x_wconf 90' lang='lat' dir='ltr'>turba</span> <span class='ocrx_word' id='word_1_11' title='bbox 1149 357 1321 404; x_wconf 90' lang='lat' dir='ltr'>maiore</span> <span class='ocrx_word' id='word_1_12' title='bbox 1353 362 1508 405; x_wconf 89' lang='lat' dir='ltr'>coorta</span> 
     </span>
    </p>

    <p class='ocr_par' dir='ltr' id='par_1_5' title="bbox 369 422 1474 482">
     <span class='ocr_line' id='line_1_5' title="bbox 369 422 1474 482; baseline 0.002 -14"><span class='ocrx_word' id='word_1_13' title='bbox 369 422 435 468; x_wconf 89' lang='lat' dir='ltr'>ire</span> <span class='ocrx_word' id='word_1_14' title='bbox 469 422 590 469; x_wconf 83' lang='lat' dir='ltr'>foras</span> <span class='ocrx_word' id='word_1_15' title='bbox 623 422 702 468; x_wconf 91' lang='lat' dir='ltr'>ubi</span> <span class='ocrx_word' id='word_1_16' title='bbox 734 427 980 481; x_wconf 86' lang='lat' dir='ltr'>coeperunt</span> <span class='ocrx_word' id='word_1_17' title='bbox 1012 422 1265 482; x_wconf 87' lang='lat' dir='ltr'>primordia</span> <span class='ocrx_word' id='word_1_18' title='bbox 1296 439 1474 471; x_wconf 80' lang='lat' dir='ltr'>vocum.</span> 
     </span>
    </p>

    <p class='ocr_par' dir='ltr' id='par_1_6' title="bbox 368 487 1507 601">
     <span class='ocr_line' id='line_1_6' title="bbox 368 487 1507 548; baseline 0.003 -14"><span class='ocrx_word' id='word_1_19' title='bbox 368 487 558 546; x_wconf 86' lang='lat' dir='ltr'>scilicet,</span> <span class='ocrx_word' id='word_1_20' title='bbox 593 488 788 547; x_wconf 86' lang='lat' dir='ltr'>expletis</span> <span class='ocrx_word' id='word_1_21' title='bbox 823 505 1001 548; x_wconf 89' lang='lat' dir='ltr'>quoque</span> <span class='ocrx_word' id='word_1_22' title='bbox 1031 489 1173 536; x_wconf 86' lang='lat' dir='ltr'>ianua</span> <span class='ocrx_word' id='word_1_23' title='bbox 1203 489 1384 537; x_wconf 87' lang='lat' dir='ltr'>raditur</span> <span class='ocrx_word' id='word_1_24' title='bbox 1415 489 1507 537; x_wconf 85' lang='lat' dir='ltr'>oris</span> 
     </span>
     <span class='ocr_line' id='line_1_7' title="bbox 1047 571 1081 601; baseline 0 0"><span class='ocrx_word' id='word_1_25' title='bbox 1047 571 1081 601; x_wconf 58' lang='grc' dir='ltr'>ἢ(</span> 
     </span>
    </p>
   </div>
   <div class='ocr_carea' id='block_1_5' title="bbox 362 642 1752 1554">
    <p class='ocr_par' dir='ltr' id='par_1_7' title="bbox 366 642 1752 703">
     <span class='ocr_line' id='line_1_8' title="bbox 366 642 1752 703; baseline 0.003 -15"><span class='ocrx_word' id='word_1_26' title='bbox 366 642 490 689; x_wconf 87' lang='lat' dir='ltr'>haud</span> <span class='ocrx_word' id='word_1_27' title='bbox 522 642 669 701; x_wconf 80' lang='lat' dir='ltr'>igitur</span> <span class='ocrx_word' id='word_1_28' title='bbox 701 642 937 691; x_wconf 76' lang='lat' dir='ltr'><strong>dubiumst</strong></span> <span class='ocrx_word' id='word_1_29' title='bbox 971 643 1081 703; x_wconf 88' lang='lat' dir='ltr'>quin</span> <span class='ocrx_word' id='word_1_30' title='bbox 1114 659 1247 692; x_wconf 86' lang='lat' dir='ltr'>voces</span> <span class='ocrx_word' id='word_1_31' title='bbox 1278 643 1510 703; x_wconf 83' lang='lat' dir='ltr'>verbaque</span> <span class='ocrx_word' id='word_1_32' title='bbox 1541 646 1752 692; x_wconf 83' lang='lat' dir='ltr'>constent</span> 
     </span>
    </p>

    <p class='ocr_par' dir='ltr' id='par_1_8' title="bbox 367 708 1459 768">
     <span class='ocr_line' id='line_1_9' title="bbox 367 708 1459 768; baseline 0.001 -14"><span class='ocrx_word' id='word_1_33' title='bbox 367 708 593 766; x_wconf 85' lang='lat' dir='ltr'>corporeis</span> <span class='ocrx_word' id='word_1_34' title='bbox 626 724 649 754; x_wconf 95' lang='lat' dir='ltr'>e</span> <span class='ocrx_word' id='word_1_35' title='bbox 682 708 939 767; x_wconf 79' lang='lat' dir='ltr'>principiis,</span> <span class='ocrx_word' id='word_1_36' title='bbox 974 714 1024 755; x_wconf 88' lang='lat' dir='ltr'>ut</span> <span class='ocrx_word' id='word_1_37' title='bbox 1056 708 1237 755; x_wconf 87' lang='lat' dir='ltr'>laedere</span> <span class='ocrx_word' id='word_1_38' title='bbox 1270 708 1459 768; x_wconf 80' lang='lat' dir='ltr'>possint.</span> 
     </span>
    </p>

    <p class='ocr_par' dir='ltr' id='par_1_9' title="bbox 363 773 1682 833">
     <span class='ocr_line' id='line_1_10' title="bbox 363 773 1682 833; baseline 0.002 -14"><span class='ocrx_word' id='word_1_39' title='bbox 363 789 446 819; x_wconf 86' lang='lat' dir='ltr'>nec</span> <span class='ocrx_word' id='word_1_40' title='bbox 477 778 521 820; x_wconf 92' lang='lat' dir='ltr'>te</span> <span class='ocrx_word' id='word_1_41' title='bbox 554 773 674 820; x_wconf 84' lang='lat' dir='ltr'>fallit</span> <span class='ocrx_word' id='word_1_42' title='bbox 705 774 816 820; x_wconf 90' lang='lat' dir='ltr'>item</span> <span class='ocrx_word' id='word_1_43' title='bbox 849 773 960 833; x_wconf 87' lang='lat' dir='ltr'>quid</span> <span class='ocrx_word' id='word_1_44' title='bbox 993 774 1195 833; x_wconf 87' lang='lat' dir='ltr'>corporis</span> <span class='ocrx_word' id='word_1_45' title='bbox 1228 774 1409 821; x_wconf 88' lang='lat' dir='ltr'>auferat</span> <span class='ocrx_word' id='word_1_46' title='bbox 1441 777 1486 821; x_wconf 89' lang='lat' dir='ltr'>et</span> <span class='ocrx_word' id='word_1_47' title='bbox 1517 773 1628 833; x_wconf 88' lang='lat' dir='ltr'>quid</span> <span class='ocrx_word' id='word_1_48' title='bbox 1679 824 1682 828; x_wconf 65' lang='grc'><em>,</em></span> 
     </span>
    </p>

    <p class='ocr_par' dir='ltr' id='par_1_10' title="bbox 365 838 1564 898">
     <span class='ocr_line' id='line_1_11' title="bbox 365 838 1564 898; baseline 0.002 -14"><span class='ocrx_word' id='word_1_49' title='bbox 365 838 577 885; x_wconf 84' lang='lat' dir='ltr'>detrahat</span> <span class='ocrx_word' id='word_1_50' title='bbox 610 855 667 885; x_wconf 82' lang='lat' dir='ltr'>ex</span> <span class='ocrx_word' id='word_1_51' title='bbox 699 838 938 886; x_wconf 91' lang='lat' dir='ltr'>hominum</span> <span class='ocrx_word' id='word_1_52' title='bbox 970 839 1125 887; x_wconf 86' lang='lat' dir='ltr'>nervis</span> <span class='ocrx_word' id='word_1_53' title='bbox 1157 855 1211 886; x_wconf 85' lang='lat' dir='ltr'>ac</span> <span class='ocrx_word' id='word_1_54' title='bbox 1243 839 1420 886; x_wconf 87' lang='lat' dir='ltr'>viribus</span> <span class='ocrx_word' id='word_1_55' title='bbox 1451 838 1564 898; x_wconf 90' lang='lat' dir='ltr'>ipsis</span> 
     </span>
    </p>

    <p class='ocr_par' dir='ltr' id='par_1_11' title="bbox 364 905 1498 963">
     <span class='ocr_line' id='line_1_12' title="bbox 364 905 1498 963; baseline 0 -13"><span class='ocrx_word' id='word_1_56' title='bbox 364 907 611 962; x_wconf 88' lang='lat' dir='ltr'>perpetuus</span> <span class='ocrx_word' id='word_1_57' title='bbox 644 920 792 951; x_wconf 87' lang='lat' dir='ltr'>sermo</span> <span class='ocrx_word' id='word_1_58' title='bbox 824 905 981 963; x_wconf 83' lang='lat' dir='ltr'>nigrai</span> <span class='ocrx_word' id='word_1_59' title='bbox 1013 905 1161 952; x_wconf 92' lang='lat' dir='ltr'>noctis</span> <span class='ocrx_word' id='word_1_60' title='bbox 1194 905 1253 951; x_wconf 83' lang='lat' dir='ltr'>ad</span> <span class='ocrx_word' id='word_1_61' title='bbox 1284 905 1498 951; x_wconf 86' lang='lat' dir='ltr'>umbram</span> 
     </span>
    </p>

    <p class='ocr_par' dir='ltr' id='par_1_12' title="bbox 363 969 1386 1028">
     <span class='ocr_line' id='line_1_13' title="bbox 363 969 1386 1028; baseline 0.002 -13"><span class='ocrx_word' id='word_1_62' title='bbox 363 985 555 1016; x_wconf 86' lang='lat' dir='ltr'>aurorae</span> <span class='ocrx_word' id='word_1_63' title='bbox 588 969 834 1028; x_wconf 84' lang='lat' dir='ltr'>perductus</span> <span class='ocrx_word' id='word_1_64' title='bbox 868 971 926 1017; x_wconf 87' lang='lat' dir='ltr'>ab</span> <span class='ocrx_word' id='word_1_65' title='bbox 958 970 1192 1018; x_wconf 77' lang='lat' dir='ltr'>exoriente</span> <span class='ocrx_word' id='word_1_66' title='bbox 1225 970 1386 1028; x_wconf 86' lang='lat' dir='ltr'>nitore,</span> 
     </span>
    </p>

    <p class='ocr_par' dir='ltr' id='par_1_13' title="bbox 363 1035 1590 1094">
     <span class='ocr_line' id='line_1_14' title="bbox 363 1035 1590 1094; baseline 0.002 -13"><span class='ocrx_word' id='word_1_67' title='bbox 363 1035 635 1093; x_wconf 87' lang='lat' dir='ltr'>praesertim</span> <span class='ocrx_word' id='word_1_68' title='bbox 667 1035 706 1082; x_wconf 91' lang='lat' dir='ltr'>si</span> <span class='ocrx_word' id='word_1_69' title='bbox 739 1051 842 1082; x_wconf 89' lang='lat' dir='ltr'>cum</span> <span class='ocrx_word' id='word_1_70' title='bbox 875 1040 1100 1083; x_wconf 89' lang='lat' dir='ltr'>summost</span> <span class='ocrx_word' id='word_1_71' title='bbox 1132 1036 1330 1083; x_wconf 90' lang='lat' dir='ltr'>clamore</span> <span class='ocrx_word' id='word_1_72' title='bbox 1363 1035 1590 1094; x_wconf 84' lang='lat' dir='ltr'>profusus.</span> 
     </span>
    </p>

    <p class='ocr_par' dir='ltr' id='par_1_14' title="bbox 363 1104 1477 1159">
     <span class='ocr_line' id='line_1_15' title="bbox 363 1104 1477 1159; baseline 0.002 -13"><span class='ocrx_word' id='word_1_73' title='bbox 363 1116 474 1159; x_wconf 84' lang='lat' dir='ltr'>crgo</span> <span class='ocrx_word' id='word_1_74' title='bbox 508 1116 772 1159; x_wconf 78' lang='lat' dir='ltr'>corpoream</span> <span class='ocrx_word' id='word_1_75' title='bbox 804 1117 963 1148; x_wconf 86' lang='lat' dir='ltr'>vocem</span> <span class='ocrx_word' id='word_1_76' title='bbox 995 1106 1205 1148; x_wconf 86' lang='lat' dir='ltr'>constare</span> <span class='ocrx_word' id='word_1_77' title='bbox 1237 1104 1477 1159; x_wconf 87' lang='lat' dir='ltr'>necessest,</span> 
     </span>
    </p>

    <p class='ocr_par' dir='ltr' id='par_1_15' title="bbox 363 1165 1722 1291">
     <span class='ocr_line' id='line_1_16' title="bbox 363 1165 1722 1226; baseline 0.001 -15"><span class='ocrx_word' id='word_1_78' title='bbox 363 1165 509 1212; x_wconf 86' lang='lat' dir='ltr'>multa</span> <span class='ocrx_word' id='word_1_79' title='bbox 541 1165 731 1225; x_wconf 83' lang='lat' dir='ltr'>loquens</span> <span class='ocrx_word' id='word_1_80' title='bbox 763 1167 983 1225; x_wconf 80' lang='lat' dir='ltr'>quoniam</span> <span class='ocrx_word' id='word_1_81' title='bbox 1018 1167 1191 1220; x_wconf 80' lang='lat' dir='ltr'>amittit</span> <span class='ocrx_word' id='word_1_82' title='bbox 1224 1167 1278 1214; x_wconf 88' lang='lat' dir='ltr'>de</span> <span class='ocrx_word' id='word_1_83' title='bbox 1310 1181 1498 1226; x_wconf 87' lang='lat' dir='ltr'>corpore</span> <span class='ocrx_word' id='word_1_84' title='bbox 1531 1169 1722 1225; x_wconf 87' lang='lat' dir='ltr'>partem.</span> 
     </span>
     <span class='ocr_line' id='line_1_17' title="bbox 423 1230 1464 1291; baseline 0.001 -14"><span class='ocrx_word' id='word_1_85' title='bbox 423 1230 667 1290; x_wconf 85' lang='lat' dir='ltr'>Asperitas</span> <span class='ocrx_word' id='word_1_86' title='bbox 700 1236 853 1278; x_wconf 87' lang='lat' dir='ltr'>autem</span> <span class='ocrx_word' id='word_1_87' title='bbox 885 1232 1010 1279; x_wconf 86' lang='lat' dir='ltr'>vocis</span> <span class='ocrx_word' id='word_1_88' title='bbox 1043 1232 1094 1279; x_wconf 89' lang='lat' dir='ltr'>fit</span> <span class='ocrx_word' id='word_1_89' title='bbox 1126 1233 1183 1279; x_wconf 84' lang='lat' dir='ltr'>ab</span> <span class='ocrx_word' id='word_1_90' title='bbox 1217 1231 1464 1291; x_wconf 85' lang='lat' dir='ltr'>asperitate</span> 
     </span>
    </p>

    <p class='ocr_par' dir='ltr' id='par_1_16' title="bbox 363 1296 1512 1355">
     <span class='ocr_line' id='line_1_18' title="bbox 363 1296 1512 1355; baseline 0.002 -13"><span class='ocrx_word' id='word_1_91' title='bbox 363 1296 707 1355; x_wconf 75' lang='lat' dir='ltr'>principiorum,</span> <span class='ocrx_word' id='word_1_92' title='bbox 741 1302 785 1344; x_wconf 92' lang='lat' dir='ltr'>et</span> <span class='ocrx_word' id='word_1_93' title='bbox 816 1297 926 1344; x_wconf 84' lang='lat' dir='ltr'>item</span> <span class='ocrx_word' id='word_1_94' title='bbox 958 1297 1085 1346; x_wconf 88' lang='lat' dir='ltr'>levor</span> <span class='ocrx_word' id='word_1_95' title='bbox 1116 1297 1270 1345; x_wconf 88' lang='lat' dir='ltr'>levore</span> <span class='ocrx_word' id='word_1_96' title='bbox 1304 1301 1512 1345; x_wconf 85' lang='lat' dir='ltr'>creatur:</span> 
     </span>
    </p>

    <p class='ocr_par' dir='ltr' id='par_1_17' title="bbox 362 1362 1531 1423">
     <span class='ocr_line' id='line_1_19' title="bbox 362 1362 1531 1423; baseline 0.002 -15"><span class='ocrx_word' id='word_1_97' title='bbox 362 1378 446 1409; x_wconf 89' lang='lat' dir='ltr'>nec</span> <span class='ocrx_word' id='word_1_98' title='bbox 480 1362 620 1409; x_wconf 84' lang='lat' dir='ltr'>simili</span> <span class='ocrx_word' id='word_1_99' title='bbox 653 1367 895 1421; x_wconf 88' lang='lat' dir='ltr'>penetrant</span> <span class='ocrx_word' id='word_1_100' title='bbox 927 1364 1052 1411; x_wconf 88' lang='lat' dir='ltr'>auris</span> <span class='ocrx_word' id='word_1_101' title='bbox 1085 1363 1340 1423; x_wconf 89' lang='lat' dir='ltr'>primordia</span> <span class='ocrx_word' id='word_1_102' title='bbox 1370 1362 1531 1421; x_wconf 88' lang='lat' dir='ltr'>forma,</span> 
     </span>
    </p>

    <p class='ocr_par' dir='ltr' id='par_1_18' title="bbox 364 1428 1662 1487">
     <span class='ocr_line' id='line_1_20' title="bbox 364 1428 1662 1487; baseline 0.002 -13"><span class='ocrx_word' id='word_1_103' title='bbox 364 1444 466 1474; x_wconf 89' lang='lat' dir='ltr'>cum</span> <span class='ocrx_word' id='word_1_104' title='bbox 499 1429 611 1475; x_wconf 89' lang='lat' dir='ltr'>tuba</span> <span class='ocrx_word' id='word_1_105' title='bbox 643 1428 854 1487; x_wconf 88' lang='lat' dir='ltr'>depresso</span> <span class='ocrx_word' id='word_1_106' title='bbox 886 1429 1095 1487; x_wconf 83' lang='lat' dir='ltr'>graviter</span> <span class='ocrx_word' id='word_1_107' title='bbox 1127 1429 1211 1476; x_wconf 84' lang='lat' dir='ltr'>sub</span> <span class='ocrx_word' id='word_1_108' title='bbox 1243 1444 1478 1475; x_wconf 89' lang='lat' dir='ltr'>murmure</span> <span class='ocrx_word' id='word_1_109' title='bbox 1508 1428 1662 1487; x_wconf 85' lang='lat' dir='ltr'>mugit</span> 
     </span>
    </p>

    <p class='ocr_par' dir='ltr' id='par_1_19' title="bbox 363 1493 1619 1554">
     <span class='ocr_line' id='line_1_21' title="bbox 363 1493 1619 1554; baseline 0.001 -14"><span class='ocrx_word' id='word_1_110' title='bbox 363 1499 406 1540; x_wconf 91' lang='lat' dir='ltr'>et</span> <span class='ocrx_word' id='word_1_111' title='bbox 438 1494 595 1540; x_wconf 87' lang='lat' dir='ltr'>reboat</span> <span class='ocrx_word' id='word_1_112' title='bbox 627 1510 816 1541; x_wconf 90' lang='lat' dir='ltr'>raucum</span> <span class='ocrx_word' id='word_1_113' title='bbox 851 1494 1128 1554; x_wconf 85' lang='lat' dir='ltr'>Berecyntia</span> <span class='ocrx_word' id='word_1_114' title='bbox 1160 1494 1357 1542; x_wconf 86' lang='lat' dir='ltr'>barbara</span> <span class='ocrx_word' id='word_1_115' title='bbox 1388 1493 1619 1553; x_wconf 90' lang='lat' dir='ltr'>bombum,</span> 
     </span>
    </p>
   </div>
   <div class='ocr_carea' id='block_1_6' title="bbox 330 1717 1826 2387">
    <p class='ocr_par' dir='ltr' id='par_1_20' title="bbox 330 1717 1826 2387">
     <span class='ocr_line' id='line_1_22' title="bbox 334 1717 1820 1767; baseline -0.001 -7"><span class='ocrx_word' id='word_1_116' title='bbox 334 1721 434 1760; x_wconf 84' lang='lat' dir='ltr'>onde</span> <span class='ocrx_word' id='word_1_117' title='bbox 454 1722 482 1759; x_wconf 91' lang='lat' dir='ltr'>il</span> <span class='ocrx_word' id='word_1_118' title='bbox 500 1726 634 1760; x_wconf 88' lang='lat' dir='ltr'>nostro</span> <span class='ocrx_word' id='word_1_119' title='bbox 655 1722 825 1759; x_wconf 73' lang='lat' dir='ltr'>trachea.</span> <span class='ocrx_word' id='word_1_120' title='bbox 852 1721 892 1759; x_wconf 80' lang='lat' dir='ltr'>Si</span> <span class='ocrx_word' id='word_1_121' title='bbox 911 1733 983 1758; x_wconf 86' lang='lat' dir='ltr'>usa</span> <span class='ocrx_word' id='word_1_122' title='bbox 1002 1721 1128 1759; x_wconf 82' lang='lat' dir='ltr'>anche</span> <span class='ocrx_word' id='word_1_123' title='bbox 1145 1721 1174 1758; x_wconf 88' lang='lat' dir='ltr'>il</span> <span class='ocrx_word' id='word_1_124' title='bbox 1194 1720 1297 1766; x_wconf 82' lang='lat' dir='ltr'>plur.</span> <span class='ocrx_word' id='word_1_125' title='bbox 1325 1721 1500 1758; x_wconf 76' lang='lat' dir='ltr'>arteriae</span> <span class='ocrx_word' id='word_1_126' title='bbox 1527 1719 1544 1738; x_wconf 87' lang='lat'>“</span> <span class='ocrx_word' id='word_1_127' title='bbox 1558 1719 1600 1758; x_wconf 83' lang='lat' dir='ltr'>la</span> <span class='ocrx_word' id='word_1_128' title='bbox 1623 1717 1788 1759; x_wconf 74' lang='lat' dir='ltr'>trachea</span> <span class='ocrx_word' id='word_1_129' title='bbox 1803 1749 1820 1767; x_wconf 84' lang='lat'>„</span> 
     </span>
     <span class='ocr_line' id='line_1_23' title="bbox 333 1767 1826 1814; baseline -0.001 -7"><span class='ocrx_word' id='word_1_130' title='bbox 333 1782 397 1807; x_wconf 89' lang='lat' dir='ltr'>ma</span> <span class='ocrx_word' id='word_1_131' title='bbox 423 1771 524 1814; x_wconf 90' lang='lat' dir='ltr'>plur.</span> <span class='ocrx_word' id='word_1_132' title='bbox 550 1774 694 1807; x_wconf 88' lang='lat' dir='ltr'>neutro</span> <span class='ocrx_word' id='word_1_133' title='bbox 722 1781 799 1807; x_wconf 88' lang='lat' dir='ltr'>non</span> <span class='ocrx_word' id='word_1_134' title='bbox 826 1769 851 1806; x_wconf 88' lang='lat' dir='ltr'>l’</span> <span class='ocrx_word' id='word_1_135' title='bbox 862 1781 935 1806; x_wconf 87' lang='lat' dir='ltr'>usa</span> <span class='ocrx_word' id='word_1_136' title='bbox 961 1769 1032 1806; x_wconf 87' lang='lat' dir='ltr'>che</span> <span class='ocrx_word' id='word_1_137' title='bbox 1059 1769 1127 1814; x_wconf 92' lang='lat' dir='ltr'>qui</span> <span class='ocrx_word' id='word_1_138' title='bbox 1152 1768 1356 1806; x_wconf 85' lang='lat' dir='ltr'>Lucrezio.</span> <span class='ocrx_word' id='word_1_139' title='bbox 1454 1788 1498 1793; x_wconf 90' lang='lat'>—</span> <span class='ocrx_word' id='word_1_140' title='bbox 1524 1767 1596 1804; x_wconf 75' lang='grc'>528</span> <span class='ocrx_word' id='word_1_141' title='bbox 1620 1779 1678 1814; x_wconf 81' lang='lat' dir='ltr'>sg.</span> <span class='ocrx_word' id='word_1_142' title='bbox 1708 1769 1728 1787; x_wconf 87' lang='lat'>“</span> <span class='ocrx_word' id='word_1_143' title='bbox 1745 1767 1826 1806; x_wconf 79' lang='lat' dir='ltr'>Na-</span> 
     </span>
     <span class='ocr_line' id='line_1_24' title="bbox 334 1813 1826 1863; baseline -0.001 -9"><span class='ocrx_word' id='word_1_144' title='bbox 334 1818 593 1863; x_wconf 77' lang='lat' dir='ltr'>turalmente3</span> <span class='ocrx_word' id='word_1_145' title='bbox 621 1817 768 1854; x_wconf 74' lang='lat' dir='ltr'>(Iacche</span> <span class='ocrx_word' id='word_1_146' title='bbox 794 1817 807 1853; x_wconf 88' lang='lat' dir='ltr'>i</span> <span class='ocrx_word' id='word_1_147' title='bbox 823 1817 1049 1862; x_wconf 78' lang='lat' dir='ltr'>primordia</span> <span class='ocrx_word' id='word_1_148' title='bbox 1067 1817 1208 1862; x_wconf 84' lang='lat' dir='ltr'>vocali,</span> <span class='ocrx_word' id='word_1_149' title='bbox 1224 1817 1256 1853; x_wconf 84' lang='lat' dir='ltr'>si</span> <span class='ocrx_word' id='word_1_150' title='bbox 1276 1816 1436 1854; x_wconf 79' lang='lat' dir='ltr'>sforzan</span> <span class='ocrx_word' id='word_1_151' title='bbox 1453 1814 1622 1853; x_wconf 86' lang='lat' dir='ltr'>d’uscire</span> <span class='ocrx_word' id='word_1_152' title='bbox 1639 1827 1711 1861; x_wconf 84' lang='lat' dir='ltr'>per</span> <span class='ocrx_word' id='word_1_153' title='bbox 1728 1813 1826 1853; x_wconf 80' lang='lat' dir='ltr'>l’an-</span> 
     </span>
     <span class='ocr_line' id='line_1_25' title="bbox 332 1862 1825 1911; baseline -0.001 -9"><span class='ocrx_word' id='word_1_154' title='bbox 332 1870 449 1909; x_wconf 78' lang='lat' dir='ltr'>gusta</span> <span class='ocrx_word' id='word_1_155' title='bbox 482 1866 559 1911; x_wconf 88' lang='lat' dir='ltr'>via,</span> <span class='ocrx_word' id='word_1_156' title='bbox 596 1864 863 1902; x_wconf 80' lang='lat' dir='ltr'>concon-endo</span> <span class='ocrx_word' id='word_1_157' title='bbox 889 1866 1037 1908; x_wconf 80' lang='lat' dir='ltr'>(coorta</span> <span class='ocrx_word' id='word_1_158' title='bbox 1062 1865 1114 1910; x_wconf 89' lang='lat' dir='ltr'>pl.</span> <span class='ocrx_word' id='word_1_159' title='bbox 1139 1865 1194 1910; x_wconf 89' lang='lat' dir='ltr'>n.)</span> <span class='ocrx_word' id='word_1_160' title='bbox 1219 1865 1260 1901; x_wconf 89' lang='lat' dir='ltr'>in</span> <span class='ocrx_word' id='word_1_161' title='bbox 1285 1863 1383 1902; x_wconf 86' lang='lat' dir='ltr'>folla</span> <span class='ocrx_word' id='word_1_162' title='bbox 1407 1862 1611 1909; x_wconf 83' lang='lat' dir='ltr'>maggiore</span> <span class='ocrx_word' id='word_1_163' title='bbox 1646 1862 1710 1900; x_wconf 87' lang='lat' dir='ltr'>del</span> <span class='ocrx_word' id='word_1_164' title='bbox 1736 1874 1825 1901; x_wconf 86' lang='lat' dir='ltr'>eon-</span> 
     </span>
     <span class='ocr_line' id='line_1_26' title="bbox 332 1909 1826 1959; baseline -0.001 -9"><span class='ocrx_word' id='word_1_165' title='bbox 332 1915 445 1950; x_wconf 84' lang='lat' dir='ltr'>sueto</span> <span class='ocrx_word' id='word_1_166' title='bbox 468 1939 500 1956; x_wconf 86' lang='lat'>„.</span> <span class='ocrx_word' id='word_1_167' title='bbox 597 1933 643 1938; x_wconf 94' lang='lat'>—</span> <span class='ocrx_word' id='word_1_168' title='bbox 668 1913 750 1949; x_wconf 78' lang='grc'>532.</span> <span class='ocrx_word' id='word_1_169' title='bbox 787 1917 830 1950; x_wconf 75' lang='lat' dir='ltr'>ut</span> <span class='ocrx_word' id='word_1_170' title='bbox 855 1913 954 1950; x_wconf 80' lang='lat' dir='ltr'>laed.</span> <span class='ocrx_word' id='word_1_171' title='bbox 975 1924 1092 1959; x_wconf 65' lang='lat'><em>22038„</em></span> <span class='ocrx_word' id='word_1_172' title='bbox 1119 1923 1229 1950; x_wconf 86' lang='lat' dir='ltr'>come</span> <span class='ocrx_word' id='word_1_173' title='bbox 1255 1924 1296 1949; x_wconf 85' lang='lat' dir='ltr'>se</span> <span class='ocrx_word' id='word_1_174' title='bbox 1329 1923 1459 1957; x_wconf 84' lang='lat' dir='ltr'>sopra,</span> <span class='ocrx_word' id='word_1_175' title='bbox 1485 1911 1624 1949; x_wconf 87' lang='lat' dir='ltr'>invece</span> <span class='ocrx_word' id='word_1_176' title='bbox 1651 1909 1691 1948; x_wconf 85' lang='lat' dir='ltr'>di</span> <span class='ocrx_word' id='word_1_177' title='bbox 1715 1909 1826 1949; x_wconf 74' lang='lat' dir='ltr'>haud</span> 
     </span>
     <span class='ocr_line' id='line_1_27' title="bbox 333 1956 1823 2013; baseline -0.001 -16"><span class='ocrx_word' id='word_1_178' title='bbox 333 1961 495 1998; x_wconf 71' lang='lat' dir='ltr'>clabiam</span> <span class='ocrx_word' id='word_1_179' title='bbox 527 1964 582 1998; x_wconf 76' lang='lat' dir='ltr'>est</span> <span class='ocrx_word' id='word_1_180' title='bbox 607 1962 717 2006; x_wconf 76' lang='lat' dir='ltr'>quin,</span> <span class='ocrx_word' id='word_1_181' title='bbox 744 1972 882 1998; x_wconf 85' lang='lat' dir='ltr'>avesse</span> <span class='ocrx_word' id='word_1_182' title='bbox 918 1960 1028 1998; x_wconf 84' lang='lat' dir='ltr'>detto</span> <span class='ocrx_word' id='word_1_183' title='bbox 1063 1972 1214 1998; x_wconf 76' lang='lat' dir='ltr'>necesse</span> <span class='ocrx_word' id='word_1_184' title='bbox 1239 1963 1306 1997; x_wconf 71' lang='lat' dir='ltr'>est.</span> <span class='ocrx_word' id='word_1_185' title='bbox 1404 1978 1447 1984; x_wconf 92' lang='lat'>—</span> <span class='ocrx_word' id='word_1_186' title='bbox 1474 1957 1558 1996; x_wconf 78' lang='lat'>535.</span> <span class='ocrx_word' id='word_1_187' title='bbox 1593 1969 1678 2004; x_wconf 78' lang='lat' dir='ltr'>sgg.</span> <span class='ocrx_word' id='word_1_188' title='bbox 1703 1956 1823 2013; x_wconf 58' lang='lat' dir='ltr'>Come</span> 
     </span>
     <span class='ocr_line' id='line_1_28' title="bbox 332 2004 1822 2054; baseline -0.001 -9"><span class='ocrx_word' id='word_1_189' title='bbox 332 2009 397 2045; x_wconf 81' lang='lat' dir='ltr'>nel</span> <span class='ocrx_word' id='word_1_190' title='bbox 418 2020 510 2046; x_wconf 83' lang='lat' dir='ltr'>caso</span> <span class='ocrx_word' id='word_1_191' title='bbox 537 2008 576 2045; x_wconf 88' lang='lat' dir='ltr'>di</span> <span class='ocrx_word' id='word_1_192' title='bbox 598 2020 812 2054; x_wconf 77' lang='lat' dir='ltr'>praecones</span> <span class='ocrx_word' id='word_1_193' title='bbox 832 2008 909 2045; x_wconf 84' lang='lat' dir='ltr'>alle</span> <span class='ocrx_word' id='word_1_194' title='bbox 932 2010 1029 2053; x_wconf 86' lang='lat' dir='ltr'>aste,</span> <span class='ocrx_word' id='word_1_195' title='bbox 1051 2020 1073 2045; x_wconf 94' lang='lat'>0</span> <span class='ocrx_word' id='word_1_196' title='bbox 1100 2007 1138 2044; x_wconf 90' lang='lat' dir='ltr'>di</span> <span class='ocrx_word' id='word_1_197' title='bbox 1165 2006 1366 2045; x_wconf 86' lang='lat' dir='ltr'>venditori</span> <span class='ocrx_word' id='word_1_198' title='bbox 1391 2005 1570 2052; x_wconf 80' lang='lat' dir='ltr'>gridanti</span> <span class='ocrx_word' id='word_1_199' title='bbox 1594 2004 1636 2044; x_wconf 84' lang='lat' dir='ltr'>la</span> <span class='ocrx_word' id='word_1_200' title='bbox 1659 2017 1822 2052; x_wconf 82' lang='lat' dir='ltr'>propria</span> 
     </span>
     <span class='ocr_line' id='line_1_29' title="bbox 332 2055 1700 2109; baseline 0 -17"><span class='ocrx_word' id='word_1_201' title='bbox 332 2067 474 2093; x_wconf 83' lang='lat' dir='ltr'>merce.</span> <span class='ocrx_word' id='word_1_202' title='bbox 570 2075 615 2081; x_wconf 53' lang='lat' dir='ltr'>—n</span> <span class='ocrx_word' id='word_1_203' title='bbox 642 2056 732 2091; x_wconf 80' lang='lat'>539.</span> <span class='ocrx_word' id='word_1_204' title='bbox 761 2055 932 2102; x_wconf 75' lang='lat' dir='ltr'>loquens,</span> <span class='ocrx_word' id='word_1_205' title='bbox 958 2055 1236 2093; x_wconf 82' lang='lat' dir='ltr'>sostantivato.</span> <span class='ocrx_word' id='word_1_206' title='bbox 1691 2099 1700 2109; x_wconf 52' lang='lat'><strong>·</strong></span> 
     </span>
     <span class='ocr_line' id='line_1_30' title="bbox 423 2099 1822 2148; baseline -0.001 -9"><span class='ocrx_word' id='word_1_207' title='bbox 423 2102 594 2140; x_wconf 75' lang='lat'>540-546.</span> <span class='ocrx_word' id='word_1_208' title='bbox 621 2103 724 2141; x_wconf 75' lang='lat' dir='ltr'>Seno</span> <span class='ocrx_word' id='word_1_209' title='bbox 746 2103 850 2141; x_wconf 87' lang='lat' dir='ltr'>versi</span> <span class='ocrx_word' id='word_1_210' title='bbox 868 2103 1052 2148; x_wconf 84' lang='lat' dir='ltr'>aggiunti</span> <span class='ocrx_word' id='word_1_211' title='bbox 1077 2103 1143 2148; x_wconf 89' lang='lat' dir='ltr'>poi</span> <span class='ocrx_word' id='word_1_212' title='bbox 1164 2102 1215 2140; x_wconf 81' lang='lat' dir='ltr'>da</span> <span class='ocrx_word' id='word_1_213' title='bbox 1232 2101 1449 2144; x_wconf 83' lang='lat' dir='ltr'>Lucrezio;</span> <span class='ocrx_word' id='word_1_214' title='bbox 1477 2099 1550 2140; x_wconf 73' lang='lat' dir='ltr'>che</span> <span class='ocrx_word' id='word_1_215' title='bbox 1567 2112 1648 2140; x_wconf 90' lang='lat' dir='ltr'>non</span> <span class='ocrx_word' id='word_1_216' title='bbox 1666 2111 1822 2146; x_wconf 79' lang='lat' dir='ltr'>riguar-</span> 
     </span>
     <span class='ocr_line' id='line_1_31' title="bbox 331 2147 1820 2196; baseline -0.001 -9"><span class='ocrx_word' id='word_1_217' title='bbox 331 2150 409 2187; x_wconf 88' lang='lat' dir='ltr'>dan</span> <span class='ocrx_word' id='word_1_218' title='bbox 435 2151 504 2196; x_wconf 73' lang='lat' dir='ltr'>piu</span> <span class='ocrx_word' id='word_1_219' title='bbox 529 2151 568 2187; x_wconf 86' lang='lat' dir='ltr'>la</span> <span class='ocrx_word' id='word_1_220' title='bbox 591 2150 898 2189; x_wconf 84' lang='lat' dir='ltr'>dimostrazione</span> <span class='ocrx_word' id='word_1_221' title='bbox 920 2151 1026 2188; x_wconf 85' lang='lat' dir='ltr'>della</span> <span class='ocrx_word' id='word_1_222' title='bbox 1046 2149 1291 2188; x_wconf 73' lang='lat' dir='ltr'>materialita</span> <span class='ocrx_word' id='word_1_223' title='bbox 1309 2149 1374 2187; x_wconf 90' lang='lat' dir='ltr'>del</span> <span class='ocrx_word' id='word_1_224' title='bbox 1394 2160 1540 2188; x_wconf 87' lang='lat' dir='ltr'>suono·</span> <span class='ocrx_word' id='word_1_225' title='bbox 1565 2149 1629 2195; x_wconf 85' lang='lat' dir='ltr'>poi</span> <span class='ocrx_word' id='word_1_226' title='bbox 1651 2147 1820 2194; x_wconf 78' lang='lat' dir='ltr'>pariano</span> 
     </span>
     <span class='ocr_line' id='line_1_32' title="bbox 331 2178 1820 2250; baseline -0.001 -16"><span class='ocrx_word' id='word_1_227' title='bbox 331 2198 370 2235; x_wconf 91' lang='lat' dir='ltr'>di</span> <span class='ocrx_word' id='word_1_228' title='bbox 398 2199 511 2236; x_wconf 86' lang='lat' dir='ltr'>suoni</span> <span class='ocrx_word' id='word_1_229' title='bbox 544 2198 671 2235; x_wconf 84' lang='lat' dir='ltr'>anche</span> <span class='ocrx_word' id='word_1_230' title='bbox 709 2198 932 2236; x_wconf 87' lang='lat' dir='ltr'>all’infuori</span> <span class='ocrx_word' id='word_1_231' title='bbox 967 2198 1072 2236; x_wconf 85' lang='lat' dir='ltr'>della</span> <span class='ocrx_word' id='word_1_232' title='bbox 1108 2210 1204 2236; x_wconf 86' lang='lat' dir='ltr'>voce</span> <span class='ocrx_word' id='word_1_233' title='bbox 1237 2209 1396 2243; x_wconf 82' lang='lat' dir='ltr'>umana,</span> <span class='ocrx_word' id='word_1_234' title='bbox 1429 2178 1584 2235; x_wconf 63' lang='lat' dir='ltr'>mentre</span> <span class='ocrx_word' id='word_1_235' title='bbox 1610 2195 1666 2234; x_wconf 91' lang='lat' dir='ltr'>fin</span> <span class='ocrx_word' id='word_1_236' title='bbox 1691 2195 1771 2241; x_wconf 86' lang='lat' dir='ltr'>qui,</span> <span class='ocrx_word' id='word_1_237' title='bbox 1797 2207 1820 2250; x_wconf 73' lang='lat' dir='ltr'>q</span> 
     </span>
     <span class='ocr_line' id='line_1_33' title="bbox 333 2242 1822 2298; baseline -0.001 -16"><span class='ocrx_word' id='word_1_238' title='bbox 333 2245 446 2291; x_wconf 84' lang='lat' dir='ltr'>dopo,</span> <span class='ocrx_word' id='word_1_239' title='bbox 468 2258 546 2283; x_wconf 90' lang='lat' dir='ltr'>non</span> <span class='ocrx_word' id='word_1_240' title='bbox 565 2247 680 2291; x_wconf 86' lang='lat' dir='ltr'>parla</span> <span class='ocrx_word' id='word_1_241' title='bbox 698 2245 770 2284; x_wconf 86' lang='lat' dir='ltr'>che</span> <span class='ocrx_word' id='word_1_242' title='bbox 793 2246 899 2284; x_wconf 85' lang='lat' dir='ltr'>della</span> <span class='ocrx_word' id='word_1_243' title='bbox 916 2258 1013 2284; x_wconf 87' lang='lat' dir='ltr'>voce</span> <span class='ocrx_word' id='word_1_244' title='bbox 1027 2258 1173 2283; x_wconf 85' lang='lat' dir='ltr'>umana</span> <span class='ocrx_word' id='word_1_245' title='bbox 1192 2244 1268 2291; x_wconf 77' lang='lat' dir='ltr'>(cio</span> <span class='ocrx_word' id='word_1_246' title='bbox 1286 2245 1359 2283; x_wconf 91' lang='lat' dir='ltr'>che</span> <span class='ocrx_word' id='word_1_247' title='bbox 1377 2243 1399 2282; x_wconf 75' lang='grc' dir='ltr'>ὁ</span> <span class='ocrx_word' id='word_1_248' title='bbox 1417 2243 1526 2282; x_wconf 85' lang='lat' dir='ltr'>detto</span> <span class='ocrx_word' id='word_1_249' title='bbox 1544 2242 1822 2298; x_wconf 77' lang='lat' dir='ltr'>intendendosl</span> 
     </span>
     <span class='ocr_line' id='line_1_34' title="bbox 330 2291 1820 2346; baseline -0.002 -16"><span class='ocrx_word' id='word_1_250' title='bbox 330 2293 394 2330; x_wconf 84' lang='lat' dir='ltr'>del</span> <span class='ocrx_word' id='word_1_251' title='bbox 419 2306 543 2331; x_wconf 85' lang='lat' dir='ltr'>suono</span> <span class='ocrx_word' id='word_1_252' title='bbox 571 2295 610 2330; x_wconf 90' lang='lat' dir='ltr'>in</span> <span class='ocrx_word' id='word_1_253' title='bbox 637 2294 814 2339; x_wconf 82' lang='lat' dir='ltr'>genere),</span> <span class='ocrx_word' id='word_1_254' title='bbox 840 2307 861 2331; x_wconf 91' lang='lat' dir='ltr'>e</span> <span class='ocrx_word' id='word_1_255' title='bbox 887 2295 956 2331; x_wconf 80' lang='lat'>547</span> <span class='ocrx_word' id='word_1_256' title='bbox 990 2293 1032 2331; x_wconf 86' lang='lat' dir='ltr'>fa</span> <span class='ocrx_word' id='word_1_257' title='bbox 1058 2293 1220 2331; x_wconf 85' lang='lat' dir='ltr'>natural</span> <span class='ocrx_word' id='word_1_258' title='bbox 1246 2293 1403 2338; x_wconf 84' lang='lat' dir='ltr'>seguito</span> <span class='ocrx_word' id='word_1_259' title='bbox 1428 2304 1453 2329; x_wconf 80' lang='lat' dir='ltr'>a</span> <span class='ocrx_word' id='word_1_260' title='bbox 1484 2292 1566 2330; x_wconf 85' lang='lat'>539.</span> <span class='ocrx_word' id='word_1_261' title='bbox 1590 2291 1627 2329; x_wconf 86' lang='lat'>11</span> <span class='ocrx_word' id='word_1_262' title='bbox 1651 2291 1820 2346; x_wconf 73' lang='lat' dir='ltr'>Brieger</span> 
     </span>
     <span class='ocr_line' id='line_1_35' title="bbox 330 2338 1818 2387; baseline -0.002 -9"><span class='ocrx_word' id='word_1_263' title='bbox 330 2343 453 2378; x_wconf 86' lang='lat' dir='ltr'>mette</span> <span class='ocrx_word' id='word_1_264' title='bbox 474 2341 486 2377; x_wconf 91' lang='lat' dir='ltr'>i</span> <span class='ocrx_word' id='word_1_265' title='bbox 508 2342 613 2378; x_wconf 84' lang='lat' dir='ltr'>versi</span> <span class='ocrx_word' id='word_1_266' title='bbox 634 2345 697 2378; x_wconf 86' lang='lat' dir='ltr'>tra</span> <span class='ocrx_word' id='word_1_267' title='bbox 716 2340 729 2387; x_wconf 71' lang='grc' dir='ltr'>Η</span> <span class='ocrx_word' id='word_1_268' title='bbox 750 2340 784 2387; x_wconf 55' lang='lat' dir='ltr'>ii:</span> <span class='ocrx_word' id='word_1_269' title='bbox 804 2342 842 2379; x_wconf 89' lang='lat' dir='ltr'>io</span> <span class='ocrx_word' id='word_1_270' title='bbox 864 2353 926 2387; x_wconf 88' lang='lat' dir='ltr'>no,</span> <span class='ocrx_word' id='word_1_271' title='bbox 953 2341 1098 2386; x_wconf 80' lang='lat' dir='ltr'>perche</span> <span class='ocrx_word' id='word_1_272' title='bbox 1124 2353 1203 2379; x_wconf 92' lang='lat' dir='ltr'>non</span> <span class='ocrx_word' id='word_1_273' title='bbox 1229 2340 1361 2385; x_wconf 87' lang='lat' dir='ltr'>voglio</span> <span class='ocrx_word' id='word_1_274' title='bbox 1382 2339 1559 2385; x_wconf 85' lang='lat' dir='ltr'>proibire</span> <span class='ocrx_word' id='word_1_275' title='bbox 1584 2351 1609 2376; x_wconf 84' lang='lat' dir='ltr'>a</span> <span class='ocrx_word' id='word_1_276' title='bbox 1626 2338 1818 2376; x_wconf 80' lang='lat' dir='ltr'>Lucrezio</span> 
     </span>
    </p>
   </div>
   <div class='ocr_carea' id='block_1_7' title="bbox 329 2385 1822 2528">
    <p class='ocr_par' dir='ltr' id='par_1_21' title="bbox 329 2385 1822 2528">
     <span class='ocr_line' id='line_1_36' title="bbox 330 2385 1822 2435; baseline -0.001 -11"><span class='ocrx_word' id='word_1_277' title='bbox 330 2388 369 2425; x_wconf 89' lang='lat' dir='ltr'>di</span> <span class='ocrx_word' id='word_1_278' title='bbox 395 2388 457 2425; x_wconf 86' lang='lat' dir='ltr'>far</span> <span class='ocrx_word' id='word_1_279' title='bbox 484 2388 585 2426; x_wconf 85' lang='lat' dir='ltr'>delle</span> <span class='ocrx_word' id='word_1_280' title='bbox 622 2390 826 2435; x_wconf 83' lang='lat' dir='ltr'>aggiunte,</span> <span class='ocrx_word' id='word_1_281' title='bbox 859 2389 1018 2433; x_wconf 86' lang='lat' dir='ltr'>quando</span> <span class='ocrx_word' id='word_1_282' title='bbox 1044 2401 1123 2426; x_wconf 89' lang='lat' dir='ltr'>non</span> <span class='ocrx_word' id='word_1_283' title='bbox 1148 2389 1202 2426; x_wconf 90' lang='lat' dir='ltr'>mi</span> <span class='ocrx_word' id='word_1_284' title='bbox 1227 2387 1474 2425; x_wconf 85' lang='lat' dir='ltr'>disturbano.</span> <span class='ocrx_word' id='word_1_285' title='bbox 1571 2406 1617 2413; x_wconf 90' lang='lat'><em>-</em></span> <span class='ocrx_word' id='word_1_286' title='bbox 1641 2385 1722 2423; x_wconf 76' lang='lat'>540.</span> <span class='ocrx_word' id='word_1_287' title='bbox 1748 2397 1822 2423; x_wconf 71' lang='lat' dir='ltr'>voa·</span> 
     </span>
     <span class='ocr_line' id='line_1_37' title="bbox 330 2432 1820 2482; baseline -0.001 -10"><span class='ocrx_word' id='word_1_288' title='bbox 330 2436 399 2480; x_wconf 90' lang='lat' dir='ltr'>qui</span> <span class='ocrx_word' id='word_1_289' title='bbox 426 2435 446 2473; x_wconf 80' lang='grc' dir='ltr'>ὲ</span> <span class='ocrx_word' id='word_1_290' title='bbox 467 2448 538 2480; x_wconf 86' lang='lat' dir='ltr'>per</span> <span class='ocrx_word' id='word_1_291' title='bbox 557 2448 681 2474; x_wconf 86' lang='lat' dir='ltr'>suono</span> <span class='ocrx_word' id='word_1_292' title='bbox 702 2437 744 2473; x_wconf 92' lang='lat' dir='ltr'>in</span> <span class='ocrx_word' id='word_1_293' title='bbox 770 2449 918 2481; x_wconf 80' lang='lat' dir='ltr'>genere</span> <span class='ocrx_word' id='word_1_294' title='bbox 939 2437 1024 2481; x_wconf 84' lang='lat' dir='ltr'>(cfr.</span> <span class='ocrx_word' id='word_1_295' title='bbox 1051 2437 1121 2474; x_wconf 83' lang='lat'>543</span> <span class='ocrx_word' id='word_1_296' title='bbox 1148 2436 1246 2482; x_wconf 86' lang='lat' dir='ltr'>sg.);</span> <span class='ocrx_word' id='word_1_297' title='bbox 1274 2447 1384 2474; x_wconf 85' lang='lat' dir='ltr'>come</span> <span class='ocrx_word' id='word_1_298' title='bbox 1409 2434 1538 2473; x_wconf 82' lang='lat' dir='ltr'>anche</span> <span class='ocrx_word' id='word_1_299' title='bbox 1562 2433 1642 2480; x_wconf 85' lang='lat' dir='ltr'>noi,</span> <span class='ocrx_word' id='word_1_300' title='bbox 1667 2432 1733 2471; x_wconf 82' lang='lat' dir='ltr'>del</span> <span class='ocrx_word' id='word_1_301' title='bbox 1757 2445 1820 2471; x_wconf 86' lang='lat' dir='ltr'>re-</span> 
     </span>
     <span class='ocr_line' id='line_1_38' title="bbox 329 2479 1816 2528; baseline -0.002 -8"><span class='ocrx_word' id='word_1_302' title='bbox 329 2488 401 2528; x_wconf 84' lang='lat' dir='ltr'>sto,</span> <span class='ocrx_word' id='word_1_303' title='bbox 427 2483 620 2528; x_wconf 81' lang='lat' dir='ltr'>parliamo</span> <span class='ocrx_word' id='word_1_304' title='bbox 647 2484 752 2521; x_wconf 86' lang='lat' dir='ltr'>della</span> <span class='ocrx_word' id='word_1_305' title='bbox 787 2485 917 2522; x_wconf 86' lang='lat' dir='ltr'>buona</span> <span class='ocrx_word' id='word_1_306' title='bbox 949 2496 1047 2522; x_wconf 86' lang='lat' dir='ltr'>voce</span> <span class='ocrx_word' id='word_1_307' title='bbox 1075 2484 1199 2521; x_wconf 91' lang='lat' dir='ltr'>d’uno</span> <span class='ocrx_word' id='word_1_308' title='bbox 1225 2485 1459 2521; x_wconf 81' lang='lat' dir='ltr'>strumento.</span> <span class='ocrx_word' id='word_1_309' title='bbox 1532 2495 1603 2507; x_wconf 63' lang='grc'>’-</span> <span class='ocrx_word' id='word_1_310' title='bbox 1635 2479 1716 2518; x_wconf 75' lang='lat'>543.</span> <span class='ocrx_word' id='word_1_311' title='bbox 1745 2479 1816 2518; x_wconf 81' lang='lat' dir='ltr'>sub</span> 
     </span>
    </p>
   </div>
   <div class='ocr_carea' id='block_1_8' title="bbox 327 2529 1872 2910">
    <p class='ocr_par' dir='ltr' id='par_1_22' title="bbox 328 2529 1872 2820">
     <span class='ocr_line' id='line_1_39' title="bbox 330 2529 1817 2577; baseline -0.002 -9"><span class='ocrx_word' id='word_1_312' title='bbox 330 2543 403 2568; x_wconf 88' lang='lat' dir='ltr'>con</span> <span class='ocrx_word' id='word_1_313' title='bbox 428 2533 564 2576; x_wconf 58' lang='lat' dir='ltr'>mugla,</span> <span class='ocrx_word' id='word_1_314' title='bbox 597 2543 675 2569; x_wconf 92' lang='lat' dir='ltr'>non</span> <span class='ocrx_word' id='word_1_315' title='bbox 712 2543 784 2569; x_wconf 88' lang='lat' dir='ltr'>con</span> <span class='ocrx_word' id='word_1_316' title='bbox 810 2544 1025 2577; x_wconf 79' lang='lat' dir='ltr'>murmure,</span> <span class='ocrx_word' id='word_1_317' title='bbox 1064 2544 1172 2570; x_wconf 88' lang='lat' dir='ltr'>come</span> <span class='ocrx_word' id='word_1_318' title='bbox 1198 2531 1318 2569; x_wconf 83' lang='lat' dir='ltr'>vuole</span> <span class='ocrx_word' id='word_1_319' title='bbox 1344 2530 1373 2568; x_wconf 91' lang='lat' dir='ltr'>il</span> <span class='ocrx_word' id='word_1_320' title='bbox 1397 2530 1554 2576; x_wconf 78' lang='lat' dir='ltr'>Munm,</span> <span class='ocrx_word' id='word_1_321' title='bbox 1580 2529 1652 2567; x_wconf 83' lang='lat' dir='ltr'>che</span> <span class='ocrx_word' id='word_1_322' title='bbox 1677 2539 1817 2566; x_wconf 83' lang='lat' dir='ltr'>arreca</span> 
     </span>
     <span class='ocr_line' id='line_1_40' title="bbox 328 2575 1818 2625; baseline -0.002 -10"><span class='ocrx_word' id='word_1_323' title='bbox 328 2578 515 2623; x_wconf 85' lang='lat' dir='ltr'>pareechi</span> <span class='ocrx_word' id='word_1_324' title='bbox 542 2579 689 2623; x_wconf 86' lang='lat' dir='ltr'>esempi</span> <span class='ocrx_word' id='word_1_325' title='bbox 710 2579 750 2616; x_wconf 90' lang='lat' dir='ltr'>di</span> <span class='ocrx_word' id='word_1_326' title='bbox 771 2580 842 2617; x_wconf 78' lang='lat' dir='ltr'>sub</span> <span class='ocrx_word' id='word_1_327' title='bbox 863 2579 1097 2625; x_wconf 84' lang='lat' dir='ltr'>coll’ablat.;</span> <span class='ocrx_word' id='word_1_328' title='bbox 1123 2591 1187 2616; x_wconf 85' lang='lat' dir='ltr'>ma</span> <span class='ocrx_word' id='word_1_329' title='bbox 1215 2590 1385 2616; x_wconf 85' lang='lat' dir='ltr'>nessuno</span> <span class='ocrx_word' id='word_1_330' title='bbox 1408 2577 1591 2616; x_wconf 69' lang='lat' dir='ltr'>combine„</span> <span class='ocrx_word' id='word_1_331' title='bbox 1611 2575 1676 2622; x_wconf 87' lang='lat' dir='ltr'>pel</span> <span class='ocrx_word' id='word_1_332' title='bbox 1703 2586 1818 2613; x_wconf 84' lang='lat' dir='ltr'>senso</span> 
     </span>
     <span class='ocr_line' id='line_1_41' title="bbox 330 2621 1814 2665; baseline -0.001 -3"><span class='ocrx_word' id='word_1_333' title='bbox 330 2626 389 2663; x_wconf 84' lang='lat' dir='ltr'>col</span> <span class='ocrx_word' id='word_1_334' title='bbox 409 2630 543 2663; x_wconf 89' lang='lat' dir='ltr'>nostro</span> <span class='ocrx_word' id='word_1_335' title='bbox 566 2638 669 2664; x_wconf 87' lang='lat' dir='ltr'>caso.</span> <span class='ocrx_word' id='word_1_336' title='bbox 766 2647 812 2652; x_wconf 95' lang='lat'>—</span> <span class='ocrx_word' id='word_1_337' title='bbox 830 2626 916 2664; x_wconf 82' lang='lat'>544.</span> <span class='ocrx_word' id='word_1_338' title='bbox 938 2639 1049 2664; x_wconf 85' lang='lat' dir='ltr'>mss.:</span> <span class='ocrx_word' id='word_1_339' title='bbox 1077 2631 1112 2665; x_wconf 79' lang='lat' dir='ltr'>et</span> <span class='ocrx_word' id='word_1_340' title='bbox 1136 2630 1294 2664; x_wconf 68' lang='lat' dir='ltr'>reborat</span> <span class='ocrx_word' id='word_1_341' title='bbox 1313 2638 1480 2664; x_wconf 79' lang='lat' dir='ltr'>rancum</span> <span class='ocrx_word' id='word_1_342' title='bbox 1496 2629 1604 2663; x_wconf 79' lang='lat' dir='ltr'>retro</span> <span class='ocrx_word' id='word_1_343' title='bbox 1624 2625 1704 2662; x_wconf 79' lang='lat' dir='ltr'>cita</span> <span class='ocrx_word' id='word_1_344' title='bbox 1722 2621 1814 2660; x_wconf 75' lang='lat' dir='ltr'>&#39;bar-</span> 
     </span>
     <span class='ocr_line' id='line_1_42' title="bbox 331 2670 1817 2720; baseline -0.001 -10"><span class='ocrx_word' id='word_1_345' title='bbox 331 2673 430 2710; x_wconf 83' lang='lat' dir='ltr'>bara</span> <span class='ocrx_word' id='word_1_346' title='bbox 457 2673 642 2711; x_wconf 79' lang='lat' dir='ltr'>bombum.</span> <span class='ocrx_word' id='word_1_347' title='bbox 679 2673 715 2711; x_wconf 87' lang='lat' dir='ltr'>Il</span> <span class='ocrx_word' id='word_1_348' title='bbox 753 2678 895 2719; x_wconf 85' lang='lat' dir='ltr'>guasto</span> <span class='ocrx_word' id='word_1_349' title='bbox 929 2687 1052 2720; x_wconf 84' lang='lat' dir='ltr'>grave</span> <span class='ocrx_word' id='word_1_350' title='bbox 1079 2674 1203 2712; x_wconf 84' lang='lat' dir='ltr'>laseia</span> <span class='ocrx_word' id='word_1_351' title='bbox 1231 2673 1355 2712; x_wconf 86' lang='lat' dir='ltr'>molta</span> <span class='ocrx_word' id='word_1_352' title='bbox 1380 2672 1547 2716; x_wconf 38' lang='lat' dir='ltr'>liberta&amp;</span> <span class='ocrx_word' id='word_1_353' title='bbox 1581 2670 1665 2709; x_wconf 78' lang='lat' dir='ltr'>indi</span> <span class='ocrx_word' id='word_1_354' title='bbox 1697 2670 1817 2708; x_wconf 83' lang='lat' dir='ltr'>molte</span> 
     </span>
     <span class='ocr_line' id='line_1_43' title="bbox 328 2717 1872 2768; baseline -0.003 -10"><span class='ocrx_word' id='word_1_355' title='bbox 328 2723 527 2766; x_wconf 89' lang='lat' dir='ltr'>proposte.</span> <span class='ocrx_word' id='word_1_356' title='bbox 553 2722 597 2758; x_wconf 90' lang='lat' dir='ltr'>L.</span> <span class='ocrx_word' id='word_1_357' title='bbox 617 2722 705 2759; x_wconf 90' lang='lat' dir='ltr'>Ber.</span> <span class='ocrx_word' id='word_1_358' title='bbox 724 2722 776 2759; x_wconf 92' lang='lat' dir='ltr'>M.</span> <span class='ocrx_word' id='word_1_359' title='bbox 804 2726 840 2759; x_wconf 77' lang='lat' dir='ltr'>et</span> <span class='ocrx_word' id='word_1_360' title='bbox 855 2722 991 2760; x_wconf 81' lang='lat' dir='ltr'>reboat</span> <span class='ocrx_word' id='word_1_361' title='bbox 1012 2734 1178 2760; x_wconf 82' lang='lat' dir='ltr'>raucum</span> <span class='ocrx_word' id='word_1_362' title='bbox 1199 2723 1307 2768; x_wconf 72' lang='lat' dir='ltr'>reyio</span> <span class='ocrx_word' id='word_1_363' title='bbox 1336 2723 1415 2759; x_wconf 71' lang='lat' dir='ltr'>cita</span> <span class='ocrx_word' id='word_1_364' title='bbox 1442 2720 1617 2759; x_wconf 88' lang='lat' dir='ltr'>barbara</span> <span class='ocrx_word' id='word_1_365' title='bbox 1645 2717 1817 2756; x_wconf 83' lang='lat' dir='ltr'>bombum</span> <span class='ocrx_word' id='word_1_366' title='bbox 1868 2752 1872 2754; x_wconf 81' lang='grc'>.</span> 
     </span>
     <span class='ocr_line' id='line_1_44' title="bbox 328 2765 1841 2820; baseline -0.001 -15"><span class='ocrx_word' id='word_1_367' title='bbox 328 2768 451 2814; x_wconf 70' lang='lat' dir='ltr'>(reyio</span> <span class='ocrx_word' id='word_1_368' title='bbox 485 2767 506 2806; x_wconf 81' lang='lat' dir='ltr'>e</span> <span class='ocrx_word' id='word_1_369' title='bbox 540 2769 751 2814; x_wconf 86' lang='lat' dir='ltr'>prosaico).</span> <span class='ocrx_word' id='word_1_370' title='bbox 785 2769 898 2807; x_wconf 91' lang='lat' dir='ltr'>Polle</span> <span class='ocrx_word' id='word_1_371' title='bbox 933 2770 1057 2814; x_wconf 75' lang='lat' dir='ltr'>(Phil.</span> <span class='ocrx_word' id='word_1_372' title='bbox 1086 2770 1145 2815; x_wconf 84' lang='lat'>25,</span> <span class='ocrx_word' id='word_1_373' title='bbox 1171 2770 1270 2815; x_wconf 78' lang='lat'>279),</span> <span class='ocrx_word' id='word_1_374' title='bbox 1304 2767 1509 2814; x_wconf 81' lang='lat' dir='ltr'>pensando</span> <span class='ocrx_word' id='word_1_375' title='bbox 1539 2765 1636 2806; x_wconf 52' lang='lat' dir='ltr'>alla*</span> <span class='ocrx_word' id='word_1_376' title='bbox 1657 2765 1841 2820; x_wconf 64' lang='lat' dir='ltr'>trumba</span> 
     </span>
    </p>

    <p class='ocr_par' dir='ltr' id='par_1_23' title="bbox 327 2812 1872 2910">
     <span class='ocr_line' id='line_1_45' title="bbox 330 2812 1816 2862; baseline -0.001 -11"><span class='ocrx_word' id='word_1_377' title='bbox 330 2820 504 2853; x_wconf 85' lang='lat' dir='ltr'>etrusca:</span> <span class='ocrx_word' id='word_1_378' title='bbox 542 2820 577 2853; x_wconf 80' lang='lat' dir='ltr'>et</span> <span class='ocrx_word' id='word_1_379' title='bbox 601 2817 735 2854; x_wconf 77' lang='lat' dir='ltr'>reboat</span> <span class='ocrx_word' id='word_1_380' title='bbox 759 2829 880 2855; x_wconf 80' lang='lat' dir='ltr'>rauco</span> <span class='ocrx_word' id='word_1_381' title='bbox 907 2819 996 2855; x_wconf 81' lang='lat' dir='ltr'>aeri</span> <span class='ocrx_word' id='word_1_382' title='bbox 1020 2817 1193 2854; x_wconf 77' lang='lat' dir='ltr'>Etruria</span> <span class='ocrx_word' id='word_1_383' title='bbox 1228 2816 1401 2854; x_wconf 87' lang='lat' dir='ltr'>barbara</span> <span class='ocrx_word' id='word_1_384' title='bbox 1427 2814 1600 2854; x_wconf 86' lang='lat' dir='ltr'>bombum</span> <span class='ocrx_word' id='word_1_385' title='bbox 1609 2827 1626 2862; x_wconf 89' lang='lat'><em>;</em></span> <span class='ocrx_word' id='word_1_386' title='bbox 1649 2826 1674 2852; x_wconf 78' lang='lat' dir='ltr'>a</span> <span class='ocrx_word' id='word_1_387' title='bbox 1699 2824 1763 2851; x_wconf 81' lang='lat' dir='ltr'>cul</span> <span class='ocrx_word' id='word_1_388' title='bbox 1787 2812 1816 2849; x_wconf 85' lang='lat'>11</span> 
     </span>
     <span class='ocr_line' id='line_1_46' title="bbox 327 2863 1832 2910; baseline -0.003 -10"><span class='ocrx_word' id='word_1_389' title='bbox 327 2863 494 2908; x_wconf 87' lang='lat' dir='ltr'>Brieger</span> <span class='ocrx_word' id='word_1_390' title='bbox 519 2863 638 2910; x_wconf 74' lang='lat' dir='ltr'>(Phil.</span> <span class='ocrx_word' id='word_1_391' title='bbox 661 2865 718 2910; x_wconf 79' lang='lat'>32,</span> <span class='ocrx_word' id='word_1_392' title='bbox 739 2878 776 2909; x_wconf 88' lang='lat' dir='ltr'>p.</span> <span class='ocrx_word' id='word_1_393' title='bbox 795 2866 879 2909; x_wconf 84' lang='lat'>483)</span> <span class='ocrx_word' id='word_1_394' title='bbox 905 2864 1056 2903; x_wconf 87' lang='lat' dir='ltr'>obietta</span> <span class='ocrx_word' id='word_1_395' title='bbox 1078 2865 1149 2903; x_wconf 86' lang='lat' dir='ltr'>che</span> <span class='ocrx_word' id='word_1_396' title='bbox 1175 2864 1216 2902; x_wconf 87' lang='lat' dir='ltr'>la</span> <span class='ocrx_word' id='word_1_397' title='bbox 1241 2864 1398 2903; x_wconf 84' lang='lat' dir='ltr'>tromba</span> <span class='ocrx_word' id='word_1_398' title='bbox 1419 2865 1580 2902; x_wconf 82' lang='lat' dir='ltr'>etrusca</span> <span class='ocrx_word' id='word_1_399' title='bbox 1604 2872 1733 2900; x_wconf 80' lang='lat' dir='ltr'>aveva</span> <span class='ocrx_word' id='word_1_400' title='bbox 1759 2870 1832 2898; x_wconf 27' lang='lat' dir='ltr'>un.</span> 
     </span>
    </p>
   </div>
  </div>
 </body>
</html>
