1872 3002
1651 7 1653 10 ⁴
1683 0 1789 35 4⁷22&
1801 2 1812 22 ῗ
1833 0 1872 63 ’Ἰ

1863 79 1872 116 i

337 141 423 188 236
750 141 836 219 DE
866 141 1099 190 RERUM
1132 141 1412 190 NATURA

424 234 510 282 Est
540 234 653 281 haec
684 234 887 282 eiusdem
919 252 1099 296 quoque
1131 237 1291 295 magni
1322 251 1461 284 causa
1492 237 1719 297 tremoris,

366 303 531 347 ventus
563 299 641 346 ubi
672 304 809 359 atque
849 300 1032 348 animae
1074 301 1224 349 subito
1256 301 1327 349 vis
1366 301 1570 349 maxima
1601 303 1826 362 quaedam

366 370 447 411 aut
478 364 765 412 extrinsecus
797 369 879 412 aut
909 365 1011 424 ipsa
1040 365 1205 413 tellure
1238 371 1395 414 coorta

266 449 335 486 580
366 430 415 477 in
446 430 547 477 loca
578 446 626 477 se
659 445 774 477 cava
805 431 947 478 terrai
980 432 1188 489 coniecit,
1223 432 1378 492 ibique

367 494 606 554 speluncas
638 494 759 541 inter
788 511 984 554 magnas
1015 496 1172 543 fremit
1203 501 1310 544 ante
1342 496 1546 545 tumultu
1606 498 1609 549 j

368 560 747 619 versabundaque
780 566 1002 620 portatur,
1036 567 1138 621 post
1170 562 1316 610 incita
1347 577 1451 609 cum
1484 562 1554 611 vis

367 626 605 684 exagitata
636 625 760 673 foras
792 627 1050 686 erumpitur
1082 632 1128 673 et
1161 626 1297 674 simul
1330 627 1473 674 altam

368 691 612 742 diffindens
642 696 814 738 terram
848 709 1069 751 magnum
1102 693 1347 740 concinnat
1378 692 1573 755 hiatum.

267 772 337 809 585
368 757 416 803 111
450 756 585 816 Syria
617 756 783 804 Sidone
816 758 938 817 quod
968 758 1140 805 accidit
1172 763 1216 805 et
1248 758 1336 806 fuit
1369 757 1493 816 Aegi

368 822 416 868 in
448 821 773 881 Peloponneso,
807 838 920 882 quas
950 823 1101 871 exitus
1133 822 1208 870 hic
1240 822 1415 870 animai

370 886 600 933 disturbat
630 886 766 934 urbes
798 890 842 933 et
872 891 1023 935 terrae
1054 892 1206 935 motus
1238 889 1450 936 obortus:

372 951 605 1011 multaque
638 956 875 1010 practerea
908 953 1170 1000 ceciderunt
1202 953 1381 1000 moenia
1413 952 1596 1012 magnis

433 1130 518 1166 577-
522 1130 605 1167 607.
633 1130 814 1168 Ancora.
806 1144 814 1152 ·
834 1143 886 1167 un
906 1138 1026 1169 vento
1049 1131 1133 1177 0110,
1153 1131 1254 1177 (10Ρο
1273 1143 1370 1169 aver
1388 1132 1520 1177 girato
1537 1131 1757 1171 fremendo
1755 1145 1832 1178 per

339 1179 376 1216 10
404 1190 502 1216 cave
530 1190 713 1223 caverne,
739 1190 817 1215 non
846 1178 1039 1216 trovando
1066 1179 1131 1216 via
1157 1178 1192 1216 d’
1197 1180 1323 1217 uscita
1347 1179 1382 1217 si
1407 1179 1590 1218 rivolta'
1578 1192 1622 1218 m
1644 1189 1692 1218 su
1716 1191 1740 1218 ο
1764 1179 1833 1217 fie-

339 1228 519 1264 ramente
545 1207 738 1264 battend’o
765 1231 902 1263 contro
927 1226 955 1263 il
981 1229 1116 1264 nostro
1143 1227 1267 1273 suolo,
1300 1239 1322 1265 0
1349 1227 1389 1264 vi
1424 1239 1522 1272 apre
1554 1239 1646 1265 una
1668 1238 1828 1274 spacca-

342 1277 434 1311 tura
459 1286 480 1311 0
507 1273 546 1310 (11
573 1273 612 1311 10
637 1285 848 1319 prorompe
882 1273 1002 1320 fuori,
1036 1286 1057 1311 o
1091 1286 1170 1312 non
1209 1257 1421 1313 riiiscendo
1455 1286 1480 1312 0
1511 1276 1627 1314 tanto
1659 1277 1830 1320 1101101.ῐο

340 1333 411 1367 per
437 1321 533 1358 tutti
558 1321 571 1358 i
597 1321 683 1367 pori
709 1320 748 1357 di
775 1324 916 1365 questo
943 1303 1078 1359 no⁷stro
1105 1322 1228 1365 suolo,
1261 1321 1522 1368 imprimendo
1545 1321 1623 1360 ad
1621 1333 1718 1360 0000
1749 1334 1832 1360 una

341 1368 606 1407 commozione
633 1369 832 1414 generale.
866 1368 960 1414 (Ofr.
994 1369 1084 1406 Sen.
1109 1369 1134 1406 1.
1171 1381 1202 1407 0.
1237 1374 1308 1407 aut
1344 1371 1517 1416 spiritus
1547 1371 1715 1419 aqitatio
1744 1371 1764 1408 i
1789 1381 1831 1408 so

340 1420 455 1455 motu·
483 1428 658 1454 crescens
693 1420 728 1453 et
764 1428 804 1453 se
841 1418 1017 1454 incitans
1055 1417 1104 1454 ab
1142 1419 1220 1454 imo
1253 1419 1298 1454 in
1323 1429 1476 1455 summa
1515 1429 1562 1456 us
1589 1429 1636 1455 ue
1666 1429 1746 1464 pro
1770 1429 1830 1455 er-

340 1466 436 1507 tur.)
567 1483 611 1489 -
632 1463 711 1500 577.
739 1467 795 1501 est
819 1463 913 1501 hacc
940 1476 1086 1510 qzcoque
1111 1474 1244 1502 causa.
1359 1483 1406 1490 —-
1438 1464 1556 1501 582-15
1609 1493 1617 1502 .
1644 1465 1716 1502 ctr-
1744 1466 1833 1502 436-

339 1513 420 1549 438.
522 1531 558 1536 —
589 1524 686 1557 cum,
712 1511 834 1549 rende
861 1512 1111 1550 anacolutico
1138 1512 1166 1549 il
1192 1511 1366 1567 periodo,
1399 1511 1668 1557 ripn-eudendo
1694 1511 1723 1550 il
1747 1511 1831 1550 lon-

340 1563 435 1597 tano
461 1559 540 1604 nbi,
566 1562 670 1596 sotto
698 1559 761 1596 cui
787 1559 915 1596 anche
942 1561 1083 1604 questa
1109 1560 1384 1604 proposizione
1405 1562 1479 1597 sta.
1574 1558 1727 1598 -584.
1744 1571 1832 1598 eon·

342 1609 479 1644 cinnat
505 1606 671 1650 hiatum,
707 1619 778 1651 per
804 1606 930 1644 fermo
957 1606 1084 1644 dietro
1111 1607 1215 1644 Fuso
1244 1607 1444 1653 popolare.
1471 1607 1505 1644 Il
1531 1607 1654 1645 verbo
1680 1609 1833 1646 concin-

340 1666 451 1700 nare,
477 1658 593 1691 usato
614 1653 666 1691 da
690 1654 819 1698 prima
839 1653 1124 1692 ironicamente
1147 1667 1217 1700 per
1242 1655 1257 1670 “
1276 1667 1493 1700 preparare
1512 1683 1530 1700 „
1557 1655 1727 1700 qualche
1753 1666 1832 1692 ma·

341 1703 460 1739 lanno
486 1701 666 1744 (multum
702 1703 854 1747 neqotii
886 1702 1013 1739 alicui
1046 1705 1314 1745 concinnare5
1347 1701 1477 1740 Fedro
1504 1706 1696 1749 quantum
1720 1703 1831 1740 homo

343 1749 533 1794 bilinynis
559 1751 762 1786 concinnet
787 1749 890 1786 mali
896 1763 909 1795 ;
941 1761 962 1787 0
989 1749 1055 1795 gia
1081 1750 1222 1796 Nevio,
1249 1750 1349 1788 Bell.
1377 1750 1518 1788 Poen:
1553 1762 1635 1788 rem
1660 1750 1832 1788 hostium

342 1797 579 1842 concinnat),
603 1796 679 1842 poi,
698 1797 763 1841 pel
784 1796 996 1842 frequente
1016 1809 1088 1834 uso
1114 1800 1311 1835 smussata
1337 1797 1375 1834 la
1396 1803 1536 1843 punto„
1561 1809 1692 1837 venne
1716 1797 1833 1842 quasi

342 1858 365 1882 11
391 1856 522 1882 essere
548 1857 601 1881 un
628 1857 736 1889 semp
740 1844 813 1881 lice
844 1845 858 1860 “
878 1844 977 1889 fare,
1002 1855 1231 1890 preparare,
1258 1844 1502 1891 produt-re„
1540 1843 1620 1883 Gfr.
1646 1844 1675 1882 il
1699 1849 1834 1900 nostro

345 1891 673 1937 “„accomodare
785 1911 830 1917 —
850 1891 935 1929 585.
961 1874 1286 1930 Probabilmente
1311 1892 1341 1929 il
1365 1894 1582 1930 terremoto
1607 1891 1648 1930 di
1673 1892 1738 1930 eui
1757 1892 1836 1929 sul-

342 1939 546 1977 l'autorita
571 1939 610 1976 di
635 1919 847 1977 P'osidonio
874 1944 1062 1977 raceonta
1088 1939 1285 1978 Strabone
1310 1953 1347 1985 Ρ.
1371 1940 1419 1977 58
1442 1938 1703 1995 καταποθῆναι
1726 1935 1834 1975 πόλιν

342 1988 547 2036 ἱδρυμένην
573 1983 667 2048 ὑπὲρ
693 1985 856 2026 Σιδωνος
887 1988 949 2022 καὶ
983 1983 1099 2044 αὐτῆς
1130 1987 1170 2023 δὲ
1196 1986 1361 2026 Σιδῶνος
1393 1987 1539 2033 σχέδον
1560 2000 1611 2024 τα
1643 1982 1709 2023 δυο
1732 1987 1830 2035 μέρη

341 2040 490 2072 πεσεῖν.
529 2030 594 2072 ,τὸ
612 2034 646 2069 δ’
658 2030 744 2070 αυτὸ
751 2030 882 2074 πάθος
901 2036 963 2070 καὶ
982 2033 1043 2070 ἐπι
1062 2049 1128 2081 τνν
1144 2036 1288 2081 Συρίαν
1306 2030 1394 2081 ὅλην
1415 2035 1582 2072 διέτεινε.
1649 2053 1692 2061 -
1709 2035 1836 2080 Ae9i‚·

345 2082 558 2120 “accenna
584 2082 623 2119 al
645 2082 796 2119 famoso
828 2085 1043 2119 terremoto
1062 2082 1125 2120 del
1152 2084 1221 2120 372
1247 2095 1309 2120 av.
1336 2081 1391 2128 G„
1417 2082 1490 2119 che
1514 2081 1648 2126 ingoio
1663 2082 1784 2120 Elice
1813 2094 1834 2118 0

342 2131 450 2167 Β111·0
472 2143 492 2167 0
515 2130 616 2167 (11001
634 2130 785 2167 triremi
807 2132 996 2174 spartane
1018 2129 1098 2167 alla
1124 2135 1251 2168 costa:
1279 2130 1350 2168 Ov.
1367 2134 1452 2167 met.
1470 2129 1550 2167 XV
1568 2130 1638 2167 293
1656 2129 1704 2167 Si
1719 2140 1836 2176 quae-

342 2190 412 2237 ras
438 2178 600 2215 Helicen
623 2181 657 2214 et
683 2178 832 2223 Bar‘,in
856 2177 1062 2215 Achaidas
1088 2178 1215 2222 urbes,
1241 2178 1425 2215 Invenies
1449 2177 1522 2215 sub
1543 2179 1685 2224 aquis,·
1709 2177 1831 2214 citato

342 2225 411 2271 piu
437 2225 543 2262 volte
570 2224 620 2262 da
641 2225 815 2262 scrittori
841 2225 949 2269 greci
970 2237 993 2261 e
1013 2225 1152 2271 latini·
1173 2225 1224 2262 da
1245 2225 1396 2263 Seneca
1416 2224 1486 2270 pin
1506 2223 1546 2262 di
1564 2236 1647 2262 11110
1665 2205 1787 2270 volta,
1813 2236 1835 2261 e

342 2286 379 2318 Ρ.
406 2285 458 2310 es.
485 2272 580 2310 Nat.
606 2276 753 2319 quaest.
780 2272 840 2309 IV
865 2273 932 2309 23:
964 2255 1227 2310 Callisthenes
1253 2275 1296 2310 in
1324 2271 1440 2310 libris
1460 2271 1604 2319 quibus
1622 2272 1832 2318 descripsit

343 2333 454 2367 quem
487 2321 540 2358 ael
559 2321 715 2358 modum
741 2319 876 2357 Helice
902 2320 1103 2366 Burisque
1129 2333 1211 2357 mer
1213 2333 1278 2358 sae
1300 2323 1404 2363 sunt,
1425 2321 1516 2365 quis
1535 2319 1632 2357 illas
1652 2331 1768 2357 casus
1789 2321 1833 2356 in

342 2367 543 2405 mare'vel
577 2370 620 2405 in
649 2367 746 2405 illas
774 2380 883 2404 mare
913 2370 1115 2409 immersit,
1147 2368 1244 2405 dicit
1279 2368 1324 2405 iol
1355 2367 1458 2414 quod
1490 2369 1535 2404 in
1559 2369 1695 2413 priore
1716 2370 1832 2413 parte

344 2416 490 2453 (lictum
509 2419 582 2452 es.t
579 2428 587 2436 ·
613 2414 629 2430 “
650 2417 819 2461 spirit-ns
836 2417 966 2452 intrat
992 2419 1141 2452 terram
1161 2428 1231 2460 per
1252 2415 1402 2453 occulta
1419 2414 1637 2461 foramina,
1654 2414 1834 2461 quemad·

344 2464 500 2501 modum
515 2462 669 2509 ubique,
687 2464 747 2500 ita
765 2466 800 2499 et
818 2462 888 2500 snb
904 2465 1022 2499 mari.
1041 2463 1179 2500 deinde
1197 2475 1282 2500 cum
1297 2462 1518 2500 obstructus
1530 2466 1587 2500 est
1601 2461 1672 2501 ille
1684 2465 1834 2499 trames

342 2523 413 2557 per
434 2523 544 2557 quem
569 2510 831 2552 descenderat,
859 2511 1028 2547 reditum
1055 2514 1184 2547 autem
1219 2510 1288 2548 illi
1319 2522 1344 2547 a
1371 2514 1477 2555 terqo
1513 2511 1704 2547 resistens
1729 2519 1834 2555 aqua

344 2558 520 2603 abstulit,
548 2558 621 2595 huc
648 2562 683 2594 et
708 2557 805 2595 illuc
832 2556 1008 2611 refertur
1037 2562 1072 2594 ct
1096 2558 1176 2595 sibi
1199 2560 1281 2604 ipse
1315 2569 1524 2595 occurrens
1549 2561 1698 2594 terram
1730 2555 1836 2593 labe-

344 2605 480 2652 factat
515 2605 707 2643 Lucrezio
737 2604 897 2643 nomina
926 2605 1108 2650 Accium,
1139 2617 1249 2643 come
1279 2604 1378 2642 eitta
1402 2604 1535 2642 vicina
1560 2604 1600 2642 01
1625 2604 1754 2649 luogo
1770 2602 1835 2640 del

343 2652 750 2691 terremoto.1nfatti
786 2652 875 2690 Sen.
902 2652 926 2690 l.
948 2664 979 2689 c.
1017 2664 1115 2698 capo
1154 2653 1200 2690 25
1237 2653 1313 2690 illa
1345 2656 1460 2690 vasta
1497 2653 1698 2690 concussio
1734 2662 1834 2698 quae

345 2701 447 2738 duas
484 2702 703 2747 suppressit
739 2712 790 2737 m
794 2699 856 2737 bes
892 2699 1058 2737 Helicen
1089 2704 1124 2737 et
1157 2700 1294 2738 Burin
1337 2701 1446 2737 circa
1481 2699 1567 2746 Aeq
1568 2701 1652 2737 ium
1692 2699 1836 2736 consti·-
1860 2711 1872 2751 5

345 2750 403 2786 tit
436 2747 530 2794 ,M.
648 2767 693 2774 —
735 2746 819 2784 587.
859 2746 1057 2785 disturbet
1095 2747 1159 2792 (Ξ
1179 2747 1447 2793 disturbavit),
1487 2712 1567 2784 cfr.
1585 2747 1606 2785 Ι
1647 2746 1693 2784 70
1734 2745 1835 2785 inri-
1866 2755 1872 2772 *
