1872 3002
354 157 438 204 174
768 154 854 202 DE
884 152 1116 202 RERUM
1147 153 1424 202 NATURA

379 252 725 301 inmemorabile
757 267 837 310 per
869 250 1071 310 spatium
1102 254 1417 299 transcurrere
1449 267 1580 312 posse

380 319 599 379 temporis
630 319 678 365 in
713 322 894 377 puncto,
926 317 1129 376 primum
1162 317 1285 377 quod
1315 319 1507 378 parvola
1538 333 1679 369 causa

282 404 348 441 193
380 389 448 433 est
480 384 637 444 procul
669 400 696 430 a
727 388 858 441 tergo
892 399 1008 442 quae
1040 382 1263 442 provehat
1295 388 1434 444 atque
1465 385 1704 445 propellat,

278 470 348 507 203
380 451 501 509 quod
534 452 750 508 superest,
784 448 865 495 ubi
897 453 993 495 tam
1024 447 1202 496 volueri
1233 448 1420 498 levitate
1450 450 1685 509 ferantur3

280 535 349 571 194
379 516 540 563 deinde
572 515 693 575 quod
725 531 868 574 usque
901 514 1017 562 adeo
1049 519 1238 562 textura
1271 516 1480 575 praedita
1510 533 1619 565 rara

282 596 349 635 195
381 582 639 639 mittuntur,
673 580 806 629 facile
839 585 890 628 ut
922 581 1108 640 quasvis
1141 586 1381 640 penetrare
1414 587 1584 643 queant
1615 600 1688 634 res

353 781 431 807 non
450 768 471 806 ὲ
487 768 536 805 da
561 770 717 806 mutare
739 771 880 812 questa
898 766 1026 804 forma
1046 765 1274 812 d'ablativo‚
1289 766 1359 805 cfr.
1373 767 1410 805 V
1423 767 1504 806 283.
1601 788 1645 794 —
1664 769 1749 807 191.
1770 771 1840 807 im·
1865 796 1872 818 .:

352 816 599 855 memorabile
619 817 791 862 spatium
812 814 827 830 “
847 827 926 852 uno
948 814 1081 860 spazio
1108 814 1147 852 di
1173 815 1235 852 cui
1260 826 1340 852 non
1365 816 1562 861 possiamo
1579 815 1681 855 farei
1697 817 1838 854 un’im-
1865 816 1867 818 ’

352 865 509 910 1110ςίηο
531 894 566 911 „.
592 863 696 901 Vedi
726 865 821 901 nota
838 874 863 900 a
881 864 959 899 773.
1057 881 1100 887 —
1123 862 1208 897 192.
1232 863 1418 909 parvola;
1441 862 1578 901 vedasi
1603 875 1712 903 come
1736 864 1775 902 io
1800 864 1839 904 lo
1864 866 1868 886 ³

351 912 503 958 spieghi
525 911 827 950 nell'Exoursus
847 910 877 947 Ι.
904 910 940 947 ΙΙ
957 910 1099 948 Munro
1117 922 1192 948 con
1209 909 1359 950 Creech
1379 911 1530 955 prende
1546 912 1710 958 parvola
1729 924 1839 951 come

352 961 403 1005 pl.
426 973 462 997 n.
488 959 761 1004 (simfflacrah
789 959 807 976 “
825 970 889 995 ma
915 957 935 995 e
961 959 1102 1003 troppo
1129 957 1367 1003 pretendere
1389 958 1454 996 dal
1479 959 1623 998 lettere
1643 989 1660 1006 ‚,
1683 972 1838 1006 oppone

351 1008 378 1045 il
403 1008 580 1053 Brieger,
602 1007 628 1044 il
650 1006 767 1052 quale
789 1005 972 1043 rinunzia
993 1005 1100 1042 nella
1125 1018 1197 1043 sua
1223 1005 1402 1044 edizione
1423 1018 1448 1044 a
1467 1007 1562 1052 ogni
1585 1007 1838 1053 spiegazione

351 1068 373 1093 o
404 1054 698 1093 emendazione.
724 1054 759 1091 11
784 1053 981 1091 Susemihl
1007 1053 1124 1096 (Phil.
1159 1053 1221 1097 29)
1259 1056 1381 1092 mette
1420 1054 1582 1092 lacuna:
1609 1057 1838 1103 ...primum

350 1104 452 1150 qnod
474 1103 639 1149 parvola
658 1104 791 1146 [etiam
810 1101 994 1147 Ipsorum
1011 1101 1241 1155 primordia
1262 1105 1355 1139 sunt
1378 1106 1412 1139 et
1437 1102 1597 1148 similis]
1618 1115 1740 1141 causa
1765 1102 1838 1141 Es}

343 1152 486 1197 procul
513 1153 604 1196 ctc.;
632 1163 696 1187 ma
717 1149 771 1195 gli
793 1149 915 1187 atomi
938 1148 1043 1193 degli
1069 1148 1164 1186 idoli
1190 1161 1358 1193 possono
1384 1161 1516 1188 essere
1538 1149 1578 1188 di
1602 1150 1694 1196 ogni
1721 1163 1839 1196 gran-
1865 1190 1869 1195 ,

350 1198 470 1236 dezza
490 1198 700 1242 (atomica).
800 1217 843 1221 -
867 1196 946 1232 193.
965 1197 1125 1243 procul;
1149 1196 1175 1233 il
1196 1197 1362 1241 Brieger
1379 1197 1576 1235 vorrebbe
1595 1198 1634 1243 (ο
1660 1197 1836 1237 almeno:

349 1246 506 1290 voleva)
527 1258 606 1283 non
622 1245 760 1292 procul
781 1256 804 1281 a
824 1248 929 1291 ter-90
954 1257 1014 1281 ma
1031 1245 1172 1290 procul
1193 1244 1403 1291 proveham
1429 1244 1446 1260 ¹⁴
1465 1257 1529 1283 ma
1551 1244 1572 1283 e
1594 1250 1735 1291 troppo
1752 1258 1836 1291 pre·
1867 1243 1872 1256 ¹

349 1293 514 1332 tendere
530 1293 597 1330 dal
613 1293 757 1331 lettore
773 1319 791 1336 ‚2
810 1292 1008 1338 possiamo
1027 1291 1110 1329 dire
1130 1291 1209 1329 alla
1227 1294 1365 1330 nostra
1381 1292 1501 1331 volta.
1519 1312 1557 1318 —
1574 1292 1655 1332 cfr.
1673 1293 1731 1332 VI
1746 1294 1838 1332 1025

355 1346 423 1379 αέν
443 1354 467 1379 α
490 1345 595 1387 teryo
621 1342 740 1388 quasi
758 1340 946 1386 provehat
972 1343 1086 1386 atque
1109 1340 1314 1386 propellat.
1340 1360 1378 1364 -
1403 1340 1444 1378 Si
1468 1340 1553 1378 noti
1578 1341 1705 1379 anche
1730 1341 1836 1380 l‘effi·

349 1402 440 1427 cace
467 1401 688 1427 assonanza
718 1388 892 1435 procul,
910 1387 1136 1434 provehat,
1163 1387 1396 1436 propellat.
1423 1408 1469 1414 ⁴-
1493 1388 1744 1434 11 Postgate
1769 1393 1834 1427 sat

346 1437 485 1484 procul
511 1450 536 1474 a
562 1440 706 1482 teryost
734 1435 749 1451 ‘⁴
771 1447 851 1472 una
883 1434 1034 1480 piccola
1061 1447 1181 1472 causa
1212 1434 1329 1472 basta
1355 1447 1426 1481 per
1452 1436 1658 1475 muoverla
1683 1448 1704 1474 0
1730 1436 1835 1483 spin-

348 1484 461 1530 gerla
492 1484 569 1522 alle
596 1484 722 1529 spallo
743 1498 778 1528 „3
806 1496 827 1521 0
859 1483 899 1520 al
924 1483 1090 1527 Brieger
1122 1495 1202 1520 non
1236 1482 1420 1528 dispiace.
1454 1483 1521 1522 Ma
1546 1488 1654 1522 resta
1679 1496 1834 1529 sempre

349 1532 399 1570 da
423 1532 605 1577 spiegare
631 1530 776 1577 perche
810 1530 915 1568 basti
941 1542 1022 1581 una
1049 1542 1169 1567 eausa
1195 1530 1347 1576 piccola
1372 1543 1396 1568 a
1422 1530 1517 1570 dare
1549 1543 1631 1570 una
1663 1531 1834 1570 velocita

349 1580 621 1625 grandissima.
717 1599 763 1604 —
787 1578 868 1615 203.
890 1577 1038 1622 Questo
1058 1590 1185 1624 verso,
1213 1578 1483 1617 conservando
1504 1579 1571 1617 noi
1589 1580 1630 1617 la
1654 1591 1837 1618 numera-

346 1629 458 1666 zione
486 1627 548 1665 del
574 1627 767 1672 Bernays,
801 1627 917 1671 porta
950 1626 978 1662 11
1004 1638 1042 1663 11.
1067 1627 1149 1671 203,
1175 1624 1320 1671 perche
1355 1625 1395 1664 la
1420 1626 1445 1663 l'
1459 1626 1512 1664 ha
1538 1630 1781 1673 trasportato
1807 1626 1836 1668 il

348 1676 528 1721 Bernays
555 1674 682 1712 dietro
708 1674 909 1718 l’esempio
936 1673 999 1711 del
1026 1673 1267 1711 Lachmann.
1297 1673 1413 1712 Dalle
1440 1686 1528 1712 cose
1555 1673 1664 1713 (lette
1688 1686 1837 1721 appare

348 1724 419 1761 che
447 1723 473 1760 il
499 1735 613 1761 verso
641 1727 702 1760 sta
731 1721 940 1759 benissimo
967 1721 1035 1767 qui
1061 1721 1100 1758 al
1137 1733 1208 1759 suo
1234 1721 1365 1759 antico
1390 1724 1516 1768 posto,
1542 1721 1643 1761 dove
1667 1722 1834 1760 l’hanno

347 1771 548 1809 restituito
574 1770 716 1807 Munro
743 1781 765 1807 e
790 1769 968 1814 Brieger.
998 1788 1037 1793 —
1066 1767 1145 1806 cfr.
1173 1770 1252 1806 743.
1278 1780 1430 1807 summa
1457 1770 1611 1808 levitate
1635 1769 1835 1817 feruntur.

346 1819 423 1856 Del
456 1823 562 1856 resto
606 1829 715 1855 come
748 1817 918 1855 soconda
951 1816 1116 1861 ragione
1153 1817 1345 1855 Lucrezio
1384 1817 1559 1855 avrebbe
1597 1817 1744 1856 dovuto
1774 1817 1836 1855 dir

349 1868 500 1912 questa,
518 1866 558 1903 la
581 1867 730 1908 levitas,
750 1866 932 1910 spiegata
950 1865 1051 1902 colla
1071 1877 1173 1902 rara
1187 1868 1355 1902 textura.
1454 1885 1494 1890 -
1516 1864 1602 1903 195.
1619 1867 1832 1912 quasvis...

348 1926 421 1951 res.
443 1914 478 1951 Il
499 1914 664 1958 Brieger
686 1915 879 1960 quavis...
906 1924 956 1958 se,
984 1925 1004 1950 e
1031 1912 1117 1950 dice
1144 1911 1216 1949 che
1243 1911 1264 1950 ὸ
1290 1925 1345 1949 un
1371 1924 1450 1950 non
1476 1925 1592 1951 senso
1613 1914 1832 1960 quasvis...

346 1974 421 2004 res,
447 1960 592 2006 perche
619 1973 689 1998 son
715 1961 840 2005 poche
866 1960 903 1998 10
930 1972 1018 1997 cose
1051 1960 1092 1997 in
1131 1960 1203 1998 che
1228 1960 1284 2005 gli
1321 1959 1416 1998 idoli
1441 1972 1584 2006 possen
1609 1965 1834 2006 penetrare.
1866 1992 1869 1994 ,

346 2010 412 2047 Ma
439 2009 509 2046 ohe
535 2009 705 2054 importa
732 2008 800 2053 qui
828 2007 906 2045 “in
932 2007 1162 2053 qualunque
1201 2006 1399 2046 direzione
1425 2008 1616 2046 nell’aria
1637 2013 1680 2055 „P
1705 2007 1770 2054 poi
1795 2020 1834 2046 se
1867 2004 1872 2047 s

345 2070 416 2103 per
438 2069 522 2101 res,·
544 2056 770 2094 cori-ezione
792 2055 948 2101 doppia.
971 2055 1138 2102 Quaevis
1157 2067 1222 2092 res
1242 2068 1321 2093 non
1338 2055 1432 2093 vuol
1450 2055 1534 2094 dire
1553 2058 1656 2094 tutte
1674 2055 1711 2093 le
1732 2067 1834 2099 cose,

347 2118 421 2149 ma,
448 2117 520 2143 con
546 2117 626 2142 una
653 2107 761 2141 certa
788 2104 1082 2151 esagerazione‚
1106 2115 1193 2141 cose
1221 2102 1257 2139 d’
1268 2103 1360 2148 ogni
1386 2115 1544 2150 genere,
1569 2102 1653 2142 0100
1680 2114 1768 2141 cose
1795 2102 1836 2140 di
1861 2101 1872 2145 Ξ

346 2153 457 2190 molti
483 2153 640 2198 generi3
662 2150 744 2189 0100
781 2163 861 2188 11011
898 2151 1117 2188 solamente
1143 2150 1241 2196 aria,
1266 2163 1405 2196 acqua,
1430 2153 1591 2189 vetro·e
1615 2151 1718 2189 altre
1743 2162 1839 2189 cose
1855 2175 1872 2189 μ

306 2247 309 2249 .
346 2200 599 2245 trasparenti‚
625 2211 689 2236 ma
716 2199 842 2236 anche
879 2199 954 2243 (sia
985 2210 1084 2244 pure
1111 2197 1319 2236 indeboliti
1345 2210 1367 2236 e
1393 2198 1608 2244 diminuiti)
1639 2210 1728 2237 cose
1753 2210 1832 2236 non
1867 2209 1869 2211 ’

346 2248 600 2293 trasparenti‚
630 2259 739 2284 come
773 2246 838 2284 nel
871 2258 962 2284 caso
995 2245 1100 2291 degli
1135 2245 1230 2283 idoli
1260 2246 1333 2283 che
1362 2258 1399 2291 p.
1421 2258 1473 2284 es.
1506 2245 1548 2283 in
1580 2258 1703 2292 sogno
1737 2246 1870 2283 arri-

346 2307 461 2337 vano,
480 2307 559 2332 non
580 2294 716 2332 sentiti
738 2293 804 2331 dai
822 2294 939 2339 sensi,
960 2293 1038 2330 fino
1061 2293 1140 2330 alla
1158 2297 1294 2331 nostra
1314 2306 1432 2336 mens,
1451 2295 1674 2332 attraverso
1696 2293 1832 2339 quindi
1868 2327 1869 2330 ,

345 2343 425 2380 alla
448 2345 582 2380 nostra
604 2342 836 2386 compagine
858 2353 1060 2386 corporea,
1081 2341 1150 2378 cfr.
1170 2342 1238 2378 726
1259 2353 1342 2387 sgg2
1363 2341 1431 2385 [Mi
1448 2353 1602 2387 oppone
1619 2341 1648 2378 11
1668 2341 1838 2387 Brieger,
1858 2363 1869 2387 ,κ

346 2391 497 2435 (Bura,
518 2391 608 2427 1896
630 2402 665 2434 p.
690 2388 775 2432 132)
799 2401 929 2427 essere
951 2391 1257 2427 estremamente
1282 2388 1545 2434 improbabile
1571 2389 1644 2426 che
1663 2388 1692 2426 il
1713 2391 1832 2434 poeta
1863 2397 1872 2413 ·‘

346 2440 470 2475 metta
503 2437 667 2475 insieme
695 2436 788 2474 idoli
823 2436 950 2480 visivi,
989 2448 1010 2474 0
1035 2436 1131 2474 1(10]1
1158 2436 1316 2481 sognati
1345 2448 1367 2474 0
1393 2436 1563 2482 pensati,
1598 2436 1758 2482 proprio
1782 2436 1835 2473 ri-

345 2489 474 2531 spetto
501 2498 524 2522 a
551 2497 630 2522 una
657 2497 747 2522 cosa
773 2485 814 2521 in
840 2484 904 2522 cui
929 2484 960 2521 si
984 2488 1239 2530 comportano
1266 2484 1345 2522 cosi
1366 2483 1657 2522 diversamente
1682 2484 1737 2529 gli
1762 2483 1852 2530 univ

346 2533 453 2578 dagli
489 2533 593 2570 altri.
630 2531 844 2576 Rispondo,
878 2531 1086 2575 anzitutto‚
1121 2532 1192 2569 che
1226 2532 1293 2577 qui
1326 2532 1359 2569 si
1390 2534 1514 2569 tratta
1543 2543 1690 2570 ancora
1726 2530 1841 2583 denar
1868 2544 1872 2573 j

346 2581 554 2626 esistenza,
578 2579 734 2617 tenuita
772 2592 792 2617 e
818 2579 982 2616 celerita
1010 2579 1115 2624 degli
1139 2579 1234 2617 idoli
1259 2579 1301 2616 in
1333 2591 1492 2624 genere,
1521 2592 1543 2617 e
1568 2579 1609 2616 111
1635 2578 1677 2617 se
1705 2578 1872 2626 stessiffi

344 2640 423 2666 non
448 2628 489 2664 in
515 2628 714 2665 relazione
745 2626 826 2671 agli
852 2627 979 2664 effetti
1004 2627 1088 2665 loro
1126 2639 1173 2664 su
1207 2627 1246 2664 di
1276 2628 1353 2665 noi.
1380 2627 1413 2664 E
1438 2626 1664 2672 aggiungo:
1689 2626 1833 2665 l’obie-

344 2676 457 2714 zione
482 2676 657 2714 avrebbe
683 2675 803 2712 molto
826 2687 919 2719 peso
942 2687 982 2712 se
1005 2675 1043 2712 la
1061 2674 1299 2719 precedente
1321 2674 1566 2719 espressione
1592 2686 1713 2712 causa
1733 2685 1836 2729 quae,
1853 2682 1872 2718 ’ρ’

342 2723 530 2769 provehat
549 2727 663 2770 atque
678 2723 874 2769 propellat
894 2722 926 2759 si
943 2722 1119 2760 riferisse
1140 2722 1177 2759 al
1198 2722 1317 2760 flusso
1339 2721 1445 2767 degli
1465 2721 1716 2759 incalzantisi
1735 2720 1833 2759 1doli
1863 2725 1872 2733 “

347 2770 483 2818 visivi3
511 2783 572 2811 ma
601 2771 701 2812 colla
727 2770 979 2820 spiegazione
1011 2774 1146 2811 nostra
1181 2770 1397 2814 (Excursus
1420 2770 1470 2817 Ι),
1503 2769 1592 2809 vale
1625 2781 1697 2819 per
1721 2767 1832 2811 l’ori-

1860 2850 1872 2888 -4

1862 998 1872 1022 1.·

1843 2933 1872 3002 ἐ
