1872 3002
266 155 352 201 110
676 156 762 203 DE
794 156 1024 204 RERUM
1056 154 1334 203 NATURA

191 261 261 298 875

292 267 375 298 nec
406 251 627 298 radicitus
661 268 684 298 e
716 252 814 298 vita
845 268 891 299 se
923 251 1043 299 tollit
1076 255 1121 298 ct
1153 250 1271 307 eicit,

293 317 373 364 sed
405 317 517 364 facit
549 333 644 365 esse
677 318 748 364 sui
781 317 1002 377 quiddam
1034 331 1172 377 super
1204 316 1375 364 inscius
1405 315 1515 375 ipse.

263 394 267 399 '
293 382 429 430 vivus
461 382 583 429 enim
615 382 702 429 sibi
734 398 838 429 cum
872 383 1083 442 proponit
1115 382 1307 442 quisque
1339 381 1562 439 futurum,

193 586 264 623 880

195 908 265 946 885

295 464 459 507 corpus
491 447 560 494 uti
590 447 800 494 volucres
832 447 1034 495 lacerent
1066 448 1115 494 in
1148 452 1294 494 morte
1326 446 1552 506 feraeque,

293 513 390 572 ipse
422 513 493 560 sui
524 513 736 560 miseret:
770 530 918 573 neque
949 514 1071 560 enim
1104 530 1150 561 se
1183 512 1351 560 dividit
1382 511 1514 571 illim,

294 595 377 625 nec
408 583 614 625 removet
646 578 757 625 satis
789 594 817 625 a
850 579 1047 637 proiecto
1080 594 1277 638 corpore,
1311 581 1355 624 et
1385 577 1517 624 illum

295 660 342 690 se
373 643 509 701 fingit
542 659 766 702 sensuque
799 660 880 691 suo
913 645 1197 691 contaminat
1230 647 1411 691 astans:

295 709 404 755 hinc
433 709 709 767 indignatur
740 725 786 756 se
819 710 1061 756 mortalem
1094 726 1190 757 esse
1223 714 1443 766 creatum,

297 790 381 820 nec
412 774 537 821 videt
565 774 613 820 in
645 791 755 821 vera
786 775 963 822 nullum
997 775 1093 822 fore
1126 779 1270 822 morte
1303 775 1443 821 alium
1477 790 1536 832 se,

298 839 378 898 qui
409 839 551 898 possit
583 839 718 886 vivus
751 840 839 887 sibi
871 856 917 887 se
949 840 1107 898 lugere
1142 843 1441 898 peremptum,

297 910 515 963 stansque
548 905 773 951 iacentem
806 920 850 951 se
880 905 1076 951 lacerari
1108 905 1238 951 urive
1272 904 1436 951 dolere.

295 985 403 1016 nam
435 970 473 1016 si
506 970 554 1016 in
587 974 730 1016 morte
763 970 980 1017 malumst
1013 970 1146 1017 malis
1182 985 1426 1030 morsuque
1458 969 1669 1016 ferarum?

298 1035 503 1092 tractari,
536 1051 628 1082 non
660 1035 844 1082 invenio
876 1037 956 1095 qui
987 1052 1079 1082 non
1111 1036 1170 1083 sit
1203 1032 1419 1082 acerbum

297 1101 484 1160 ignibus
515 1101 766 1159 inpositum
798 1101 958 1148 calidis
991 1107 1239 1149 torrescere
1270 1101 1481 1160 flammis,

297 1172 377 1213 aut
408 1167 456 1213 in
489 1166 623 1213 melle
655 1166 793 1214 situm
827 1167 1042 1213 suffocari
1075 1172 1213 1226 atquc
1248 1168 1396 1226 rigere

268 1382 472 1427 promittit,
502 1379 517 1395 ‘⁴
536 1393 556 1418 e
579 1392 655 1417 non
678 1380 727 1418 da
747 1381 786 1417 in
805 1380 1039 1418 conformita
1060 1381 1098 1418 di
1120 1382 1211 1426 quel
1231 1381 1436 1427 principio,
1458 1381 1518 1418 sul
1539 1379 1656 1426 quale
1674 1378 1760 1418 dice

271 1428 311 1464 di
327 1427 503 1465 fondarsi
520 1454 536 1471 ,‚
564 1427 661 1470 cioe,
679 1441 757 1465 non
776 1427 796 1465 ὸ
816 1433 999 1466 coerente
1018 1429 1097 1466 alla
1124 1442 1195 1466 sua
1217 1429 1409 1466 credenza
1427 1428 1498 1466 che
1516 1428 1618 1466 colla
1635 1433 1760 1465 morte

273 1475 338 1513 del
353 1487 471 1520 corpo
491 1476 617 1513 anche
635 1476 794 1513 l'anima
821 1475 841 1513 e
868 1477 943 1513 ben
963 1482 1100 1514 morta.
1127 1478 1178 1513 Di
1198 1482 1380 1522 proposte
1398 1475 1626 1520 correzioni,
1651 1487 1760 1512 come

276 1529 311 1561 et
331 1525 457 1560 undat
482 1536 503 1562 o
531 1528 566 1560 et
591 1523 734 1569 implet,
761 1535 836 1560 non
866 1529 987 1561 mette
1004 1528 1119 1561 conto
1139 1524 1368 1562 discorrere.
1441 1543 1488 1548 —
1513 1523 1598 1560 875.
1623 1522 1639 1538 ⁸⁴
1659 1522 1760 1560 Vale

274 1584 298 1608 a
324 1571 408 1608 dire
426 1584 503 1609 non
526 1575 689 1616 sti-appa
708 1570 771 1608 del
790 1574 893 1608 tutto
912 1571 952 1608 se
974 1575 1098 1609 stesso
1120 1572 1226 1609 dalla
1244 1573 1337 1609 vita.
1363 1601 1377 1617 „
1453 1591 1499 1596 -
1525 1571 1607 1607 876.
1625 1582 1760 1615 essa...

275 1631 403 1665 super,
422 1618 524 1656 cioe:
542 1630 751 1664 superesse.
835 1639 881 1643 -
898 1619 982 1656 879.
1000 1622 1155 1657 miseret
1175 1622 1286 1656 usato
1305 1619 1635 1664 person'ahnente,
1651 1629 1760 1656 como

276 1667 420 1703 Ennio:
448 1669 623 1703 miserete
650 1668 770 1703 amris
796 1679 816 1703 e
842 1667 1024 1711 coqebant
1051 1667 1175 1704 hostes
1192 1671 1234 1704 ut
1251 1669 1488 1704 misererem.
1585 1685 1631 1690 —
1656 1665 1761 1703 illim

277 1714 344 1759 (ιτ-
360 1714 493 1757 illinc)
507 1727 551 1745 Ξ
567 1713 615 1750 ab
630 1714 711 1751 illo.
725 1713 824 1750 Vedi
841 1714 1007 1759 Ritschl
1021 1727 1154 1759 opusc.
1169 1715 1208 1751 11
1223 1728 1258 1760 p
1273 1716 1342 1751 452
1357 1727 1440 1759 sgg.
1514 1733 1557 1738 —
1573 1713 1660 1749 881.
1675 1724 1762 1751 con-

274 1764 444 1799 taminat
483 1762 498 1777 '⁴
525 1761 734 1806 meseola„
751 1787 761 1802 ‚
799 1773 908 1798 come
950 1762 1056 1799 nella
1098 1767 1193 1800 nota
1231 1763 1534 1805 contaminatio
1573 1772 1683 1798 come
1718 1760 1759 1796 in

274 1821 451 1855 corporzs
494 1813 608 1855 atque
650 1811 807 1845 ammai
840 1813 976 1846 mutua
1023 1822 1040 1846 c
1056 1822 1115 1847 on
1131 1812 1247 1855 taqi
1259 1822 1306 1851 a.
1350 1810 1445 1851 3453
1485 1807 1579 1853 pero
1622 1820 1699 1845 nun
1738 1820 1759 1844 e

273 1857 438 1902 escluso‚
475 1856 566 1894 nell’
576 1856 768 1893 interesse
807 1856 934 1901 logico
973 1870 993 1894 0
1021 1857 1182 1902 morale,
1220 1838 1347 1894 ancile
1387 1857 1413 1893 il
1455 1867 1570 1893 senso
1601 1854 1684 1892 di“
1702 1855 1759 1891 in·

275 1905 410 1949 fetta„
513 1903 659 1940 —884
686 1903 774 1949 sibi,
795 1903 874 1941 dat.
897 1904 1009 1948 otico,
1032 1904 1298 1942 efficacissimo
1320 1904 1423 1941 nella
1442 1916 1513 1941 sua
1533 1902 1762 1940 immediata

274 1952 481 1989 vicinanza
515 1964 538 1988 a
565 1964 613 1989 se.
646 1952 693 1988 In
728 1952 858 1996 questi
891 1953 995 1989 versi
1023 1952 1053 1990 0
1065 1965 1085 1989 e
1119 1953 1349 1998 profusione
1389 1952 1427 1988 di
1466 1963 1516 1994 se,
1555 1953 1631 1993 sni,
1668 1950 1758 1994 sibi,

274 2002 365 2045 ipse.
443 2020 484 2025 -—
513 1999 595 2036 885.
622 1999 727 2036 Nota
753 1999 781 2035 il
808 2002 1008 2037 contrasto
1028 2005 1210 2037 stans...
1229 2002 1427 2037 iacentem.
1506 2018 1543 2023 —
1574 1998 1703 2036 dolere
1721 2009 1760 2034 se

275 2048 451 2084 lacerari
483 2049 604 2084 urive.
643 2048 679 2083 A
706 2047 837 2090 rigore
869 2047 1022 2084 doveva
1059 2048 1141 2085 dire
1175 2048 1348 2085 soltanto
1376 2048 1572 2092 lca-cerari;
1606 2057 1668 2082 ma
1694 2058 1761 2089 ag-

273 2095 420 2139 giunge
446 2094 657 2131 senz’altro
684 2097 763 2139 uri,
790 2095 1120 2139 generalizzando
1149 2109 1171 2132 a
1198 2096 1289 2132 tutti
1326 2094 1476 2132 codesti
1510 2092 1603 2130 vani
1630 2092 1760 2130 timori

273 2142 531 2187 l'argomento
559 2141 667 2178 detto
695 2141 776 2178 solo
804 2154 874 2186 per
901 2143 925 2178 il
951 2142 1089 2179 timore
1113 2143 1151 2179 di
1180 2143 1378 2180 lacerari:
1402 2141 1462 2178 (31ὸ
1488 2141 1560 2178 che
1582 2143 1759 2185 appunto

273 2190 467 2234 completa
494 2190 532 2226 la
557 2201 629 2226 sua
656 2189 1014 2232 argomentazionc.
1042 2190 1281 2235 L’aggiunta
1309 2189 1347 2226 di
1372 2191 1451 2233 uri,
1478 2188 1555 2233 poi,
1575 2187 1597 2224 ὸ
1627 2188 1760 2232 quella

273 2238 345 2274 che
372 2249 543 2281 provoca
571 2237 792 2280 l'aggiunta
818 2236 881 2273 dci
908 2249 990 2281 sgg.
1018 2250 1080 2274 vv.
1107 2251 1200 2274 ozam
1225 2240 1264 2274 si
1287 2243 1372 2281 etc„
1408 2237 1508 2273 dove
1536 2247 1614 2272 non
1639 2246 1759 2272 senza

276 2285 403 2321 ironia
429 2284 450 2321 e
481 2284 708 2321 vivamente
739 2289 1042 2328 rappresentato
1077 2285 1102 2321 il
1139 2297 1236 2329 poco
1262 2289 1378 2330 gusto
1405 2283 1443 2320 di
1469 2288 1690 2327 torrescere,
1720 2281 1760 2319 di

273 2331 476 2378 suffocari,
504 2331 542 2368 di
568 2334 695 2377 νέμει-ε
718 2343 835 2375 sopra
861 2344 941 2368 una
967 2331 1100 2376 gelida
1133 2334 1275 2377 pietra,
1315 2345 1335 2369 e
1365 2331 1404 2368 di
1430 2332 1568 2376 urqeri
1591 2341 1759 2375 superne

273 2380 459 2417 obtritum
480 2380 663 2425 pondere
691 2378 774 2422 che,
802 2391 874 2415 con
902 2382 1012 2416 tanto
1041 2392 1146 2425 peso,
1173 2392 1268 2424 pare
1286 2378 1464 2416 alludere
1482 2390 1554 2423 per
1578 2377 1759 2415 ischerno

211 2432 214 2436 ’
272 2428 310 2464 al
338 2432 430 2464 noto
457 2427 587 2463 saluto
606 2428 658 2463 sit
676 2426 749 2463 tzbi
773 2430 882 2463 terra
901 2426 1003 2463 Zetis.
1101 2448 1147 2452 —
1168 2427 1248 2464 887.
1272 2427 1441 2464 tractari
1460 2437 1553 2463 vero
1575 2425 1760 2468 frequen-

272 2475 397 2512 tativo
424 2474 463 2511 di
489 2474 608 2511 trahi.
709 2493 746 2497 —
768 2473 853 2508 888.
878 2477 1113 2520 t01·rescer;e
1136 2470 1197 2511 c‘c'n.
1204 2476 1278 2521 λεγ.
1375 2494 1420 2499 -
1443 2473 1530 2508 889.
1534 2472 1620 2509 890.
1641 2471 1661 2508 Ι
1682 2471 1759 2509 due

272 2522 377 2559 versi
402 2533 630 2559 accennano
656 2533 680 2558 a
707 2521 783 2558 due
809 2521 1056 2565 impressioni
1083 2504 1256 2566 distinte,
1278 2533 1342 2558 ma
1368 2534 1391 2558 a
1417 2532 1497 2558 una
1523 2521 1607 2557 sola
1633 2520 1759 2558 forma.

273 2569 311 2606 di
337 2581 406 2614 sep
410 2569 552 2607 oltura.
586 2570 728 2606 Presso
753 2569 766 2604 i
791 2568 971 2614 Romani,
997 2569 1061 2606 nel
1088 2582 1178 2606 caso
1201 2569 1238 2606 di
1266 2581 1432 2614 persone
1458 2567 1601 2613 riccho,
1626 2568 1660 2605 si
1690 2568 1760 2604 im·

272 2617 504 2654 balsamava
533 2616 699 2654 talvolta
724 2616 751 2652 il
773 2615 967 2653 cadavere
989 2617 1115 2660 prima
1137 2618 1175 2654 di
1197 2616 1358 2661 deporlo
1379 2615 1486 2653 nella
1508 2615 1608 2652 cella
1633 2615 1759 2660 sepol-

273 2665 399 2710 crale3
427 2677 447 2702 e
474 2664 514 2701 in
541 2669 681 2709 questa
707 2663 772 2708 poi
798 2675 819 2700 o
847 2675 914 2700 era
942 2662 1104 2708 deposto
1132 2667 1244 2701 entro
1271 2677 1323 2700 uu
1350 2662 1570 2705 sarcofago,
1595 2674 1618 2699 o
1645 2665 1759 2708 posto

274 2712 593 2756 scnipliccmcnte
620 2723 736 2755 sopra
763 2723 812 2747 un
842 2710 1017 2748 tavolato
1045 2711 1080 2748 (11
1120 2712 1244 2755 picti-a
1271 2711 1414 2752 (talora
1441 2709 1567 2747 anche
1593 2709 1759 2747 lasciato

274 2760 301 2796 11
327 2759 429 2796 sulla
450 2763 575 2796 stossa
603 2759 712 2804 bara,
733 2758 773 2795 in
795 2763 934 2803 questo
957 2770 1046 2796 caso
1075 2760 1257 2803 br,onzca
1284 2759 1386 2796 sulla
1413 2757 1531 2803 quale
1558 2769 1627 2795 era.
1652 2761 1758 2796 stato
