1872 3002
342 177 398 229 66
755 174 841 226 DE
871 173 1104 226 RERUM
1134 171 1411 225 NATURA

372 274 600 322 cernimus
632 277 677 320 et
709 272 831 319 flecti
862 271 1091 318 medicina
1123 287 1252 330 posse
1283 270 1516 330 videmus,

270 356 341 393 510
370 340 419 388 id
450 355 628 399 quoque
660 337 894 397 praesagit
927 337 1167 384 mortalem
1199 337 1355 385 vivere
1388 341 1603 384 mentem.

368 404 535 451 addere
567 403 688 450 enim
725 402 868 461 partis
901 405 981 448 aut
1013 401 1173 448 ordine
1204 401 1426 449 traiecere
1457 405 1662 450 aecumst

369 474 449 516 aut
481 467 658 527 aliquid
690 483 876 527 prosum
908 467 964 513 de
996 483 1177 514 summa
1209 467 1452 514 detrahere
1483 466 1652 525 hilum,

370 538 651 582 commutare
684 532 890 579 animum
923 532 1198 592 quicumque
1230 532 1438 580 adoritur
1468 536 1513 579 et
1544 531 1659 588 infit,

370 604 451 647 aut
482 598 623 646 aliam
656 598 869 658 quamvis
901 602 1120 645 naturam
1150 598 1334 645 flectere
1366 597 1590 657 quaerit*
1663 655 1665 658 .

270 680 340 717 515
371 670 418 712 at
449 680 597 724 neque
628 663 873 711 transferri
904 663 994 711 sibi
1026 663 1171 723 partis
1203 679 1288 711 nec
1318 663 1463 710 tribui
1495 662 1598 711 vult

370 729 614 777 inmortale
645 729 768 789 quod
799 734 867 777 est
899 729 1145 788 quicquam
1178 744 1326 788 neque
1359 728 1556 775 defluere
1587 727 1759 776 hilum:

370 812 478 843 nam
509 794 830 854 quodcumque
862 794 957 842 suis
990 798 1222 841 mutatum
1255 793 1425 855 finibus
1456 794 1566 853 exit,
1633 847 1641 854 ,

370 860 588 908 continuo
619 859 706 907 hoc
736 875 859 907 mors
891 864 960 906 est
991 859 1117 907 illius
1150 859 1272 919 quod
1300 859 1389 906 fuit
1420 863 1541 906 ante.

370 941 481 984 ergo
513 925 694 972 animus
726 925 822 972 sive
855 924 1098 984 aegrescit,
1131 923 1350 972 mortalia
1382 923 1518 984 signa

271 1007 341 1044 520
371 990 529 1048 mittit,
562 990 632 1037 uti
663 990 811 1047 docui,
845 1006 926 1037 seu
957 989 1159 1037 flectitur
1191 1006 1219 1037 a
1249 989 1492 1037 medicina.

372 1072 516 1115 usque
548 1055 661 1103 adeo
692 1055 836 1103 falsae
867 1054 1038 1102 rationi
1069 1071 1181 1102 vera
1212 1054 1397 1102 videtur

371 1137 443 1168 res
475 1136 713 1169 occurrere
745 1125 790 1167 et
822 1121 1048 1180 effugium
1081 1119 1374 1179 praecludere
1406 1119 1548 1178 eunti,

270 1202 340 1240 523
370 1186 652 1246 ancipitique
684 1186 889 1234 refutatu
922 1186 1192 1233 convincere
1224 1185 1406 1233 falsum.

341 1387 412 1432 piu
435 1386 573 1424 intimo
598 1387 790 1431 rapporto
811 1397 883 1422 con
910 1383 969 1422 cio
996 1384 1068 1422 che
1093 1383 1274 1430 precede,
1307 1383 1380 1422 che
1406 1395 1484 1422 non
1511 1389 1733 1432 praeterea,
1766 1384 1828 1423 de-

342 1437 472 1481 nique,
498 1434 572 1471 huc
597 1433 755 1471 accedit.
781 1432 858 1477 Qui
882 1432 911 1469 il
937 1435 1126 1478 rapporto
1153 1430 1174 1469 ὸ
1201 1435 1379 1477 appunto
1405 1430 1530 1470 l'idea
1562 1431 1668 1471 della
1701 1433 1830 1478 guari—

341 1484 470 1528 gione.
495 1479 602 1519 Pure
629 1485 851 1519 troveremo
877 1480 945 1526 piu
971 1480 1122 1525 avanti,
1148 1480 1217 1517 546
1244 1480 1312 1517 632
1339 1483 1374 1517 et
1398 1482 1585 1526 quoniam
1609 1492 1682 1526 per
1699 1482 1727 1518 il
1742 1492 1832 1526 pas-

341 1529 479 1575 saggio
504 1541 528 1566 a
554 1541 608 1566 un
634 1540 765 1566 nuovo
792 1540 946 1573 gruppo
979 1527 1019 1565 di
1053 1539 1185 1572 prove.
1218 1526 1266 1563 In
1300 1528 1431 1572 questi
1463 1528 1545 1565 casi
1577 1532 1613 1566 et
1644 1530 1831 1575 quoniam

339 1577 519 1619 ravviva,
544 1588 615 1622 per
641 1576 701 1613 dir
728 1577 821 1621 cosi,
851 1576 880 1612 il
909 1580 1098 1621 rapporto
1134 1574 1332 1619 generiem,
1364 1573 1568 1613 l’identita
1599 1575 1707 1614 della
1743 1576 1831 1622 tesi,

341 1637 414 1663 con
440 1623 499 1662 cib
525 1624 598 1662 che
623 1623 805 1669 precede,
830 1623 1067 1668 quindi-con
1093 1625 1198 1660 tutto
1225 1621 1285 1660 cio
1305 1622 1379 1660 che
1400 1623 1580 1670 precede,
1604 1635 1685 1662 non
1705 1623 1831 1661 esclu-

340 1673 560 1711 sivamente
579 1671 809 1710 coll'ultima
827 1671 958 1708 vicina
976 1682 1117 1716 prova:
1139 1682 1160 1708 e
1178 1682 1249 1715 per
1270 1669 1329 1708 cio
1351 1674 1475 1709 stesso
1493 1683 1669 1710 accenna
1686 1671 1831 1716 meglio

338 1721 367 1758 il
392 1719 603 1766 passaggio
629 1732 654 1757 a
678 1731 732 1756 un
754 1731 886 1757 nuovo
905 1719 1081 1756 insieme.
1101 1738 1149 1743 —-
1168 1719 1315 1755 sanari
1337 1716 1358 1755 ὲ
1379 1730 1475 1757 vero
1495 1718 1653 1765 passivo
1681 1717 1698 1735 ‘¹
1717 1718 1831 1757 venir

341 1768 500 1814 guarito
519 1794 551 1812 „.
647 1785 695 1793 -
718 1766 805 1804 510.
825 1768 1055 1813 praesayit;
1079 1778 1134 1803 un
1158 1765 1282 1803 verbo
1309 1765 1347 1803 di
1373 1778 1488 1804 meno
1523 1766 1651 1804 recisa
1677 1765 1830 1812 signifi-

340 1816 501 1854 eazione
528 1815 567 1852 di
592 1815 684 1852 altri
711 1814 780 1859 piu
805 1815 923 1860 soliti,
949 1812 1095 1859 perche
1121 1813 1189 1858 qui
1214 1813 1254 1850 la
1279 1825 1405 1858 prova
1429 1825 1508 1852 non
1534 1814 1627 1852 vien
1652 1813 1758 1852 fuori
1775 1812 1830 1850 di-

338 1868 444 1902 retta
465 1875 486 1901 e
503 1862 539 1899 d'
552 1862 779 1900 immediata
796 1861 999 1906 evidenza,
1024 1874 1089 1898 ma
1108 1861 1160 1898 ha
1178 1860 1344 1905 bisogno
1362 1860 1401 1898 di
1419 1861 1487 1906 piu
1508 1861 1630 1907 lungo
1647 1861 1830 1907 ragiona-

339 1913 485 1950 mento.
510 1910 628 1948 Dalla
652 1909 845 1952 malattia‚
863 1910 935 1947 che
953 1908 973 1946 ὲ
991 1909 1031 1946 la
1048 1908 1183 1946 strada
1201 1907 1306 1946 della
1324 1911 1461 1951 morte,
1480 1909 1513 1946 si
1537 1909 1674 1948 ricava.
1697 1908 1830 1946 subito

337 1959 378 1996 la
396 1957 614 2003 mortalita;
636 1969 700 1995 ma
719 1957 748 1994 il
766 1958 1034 1995 risanamento
1053 1955 1074 1994 ὲ
1095 1956 1136 1993 la
1157 1955 1293 1993 strada
1311 1961 1489 2002 opposta.
1587 1975 1631 1983 -
1647 1956 1730 1994 511.
1749 1960 1830 1994 tra—

339 2008 471 2050 iecere,
489 2017 599 2044 come
615 2006 737 2049 eiecit,
753 2007 890 2043 reiecit
906 2004 977 2042 cfr.
995 2005 1014 2041 I
1031 2005 1088 2041 34.
1186 2024 1226 2028 —
1249 2003 1330 2039 512.
1339 2016 1505 2050 prosum
1524 2004 1611 2048 (cfr.
1632 2005 1826 2042 introsum

339 2055 425 2102 532)
441 2065 519 2091 non
535 2052 556 2091 ὲ
570 2053 638 2098 qui
655 2052 911 2090 chiarissimo.
926 2052 1068 2089 Munro
1084 2051 1123 2088 lo
1142 2050 1304 2088 intende
1322 2052 1437 2096 quasi
1458 2064 1567 2090 come
1585 2064 1640 2089 un
1658 2053 1828 2096 omnino,

342 2101 359 2117 ‘⁴
383 2102 576 2139 insomma
597 2114 635 2147 „3
670 2112 734 2137 ma
761 2100 827 2145 qui
854 2111 934 2138 non
959 2111 1022 2137 va.
1048 2099 1247 2137 Piuttosto
1273 2098 1458 2137 intendo:
1487 2111 1674 2146 prorsum
1700 2098 1826 2136 hilum

343 2148 359 2165 ‘⁴
376 2149 452 2194 (sia
478 2149 594 2194 pure)
629 2149 670 2185 in
696 2147 845 2185 misura
870 2147 1012 2185 affatto
1039 2146 1201 2183 minima
1229 2175 1245 2191 „
1343 2165 1392 2172 —
1425 2146 1651 2194 aliquid...
1676 2146 1827 2191 hilum,-

340 2195 502 2241 dunque
525 2196 650 2233 hilum
674 2195 715 2232 in
741 2194 928 2232 funzione
954 2193 1202 2239 avverbiale3
1229 2205 1338 2231 come
1365 2192 1386 2230 ὸ
1413 2193 1476 2231 del
1501 2198 1608 2232 resto
1634 2193 1761 2231 anche
1786 2194 1827 2230 in

339 2243 399 2281 IV
424 2245 494 2281 513
517 2242 650 2280 libella
671 2243 809 2289 aliqua.
835 2244 874 2279 si
893 2245 1069 2288 exparte
1091 2241 1290 2278 claudicat
1315 2241 1452 2279 hilum.
1477 2241 1644 2288 (Quem,
1664 2253 1826 2279 osserva

339 2291 496 2337 Munro,
520 2290 533 2327 i
558 2290 631 2328 soli
652 2289 729 2327 due
747 2290 852 2335 passi
872 2289 972 2327 dove
990 2289 1116 2326 hilum
1131 2287 1152 2325 ὸ
1174 2288 1213 2325 in
1233 2300 1314 2325 una
1331 2289 1525 2334 proposiz.
1547 2288 1827 2332 affermativa.)

340 2338 645 2385 Cosiperhilum
663 2337 721 2375 VI
740 2337 821 2374 576.
842 2337 988 2375 Invece
1014 2336 1067 2373 ha
1087 2335 1225 2374 valore
1243 2335 1282 2372 di
1308 2335 1527 2374 sostantivo
1548 2337 1589 2374 in
1610 2337 1680 2374 516
1701 2347 1823 2382 neque

340 2385 421 2424 sibi
443 2385 526 2423 vult
550 2385 720 2431 defluere
746 2385 881 2422 hilum.
978 2403 1025 2409 ——
1049 2383 1136 2419 515.
1157 2382 1246 2428 sibi,
1269 2386 1499 2421 veramente
1520 2395 1599 2422 non
1621 2383 1826 2421 andrebbe

341 2434 413 2471 che
440 2445 513 2471 con
540 2431 685 2478 tribui,·
710 2444 774 2469 ma
795 2431 817 2469 ὸ
842 2431 1105 2469 liberamente
1127 2433 1242 2468 usato
1269 2430 1348 2468 alla
1373 2431 1552 2469 lnaniera
1577 2431 1670 2469 d'un
1690 2430 1826 2469 dativo

341 2482 468 2519 otico:
506 2492 586 2519 non
623 2480 706 2518 vult
747 2480 840 2517 haec
877 2478 957 2516 sibi
991 2479 1095 2525 fieri,
1133 2482 1271 2525 partes
1308 2477 1543 2525 transferri,
1583 2479 1727 2522 tribui,
1765 2478 1828 2515 de-

340 2532 474 2582 fluere.
580 2551 627 2558 —-
646 2533 712 2569 517
735 2545 791 2578 sg.
813 2532 884 2569 cfr.
910 2531 929 2568 I
955 2533 1036 2569 670.
1059 2531 1139 2569 792.
1250 2551 1293 2556 -
1320 2531 1391 2567 519
1416 2544 1500 2577 sgg.
1536 2519 1570 2569 Ε
1603 2531 1642 2570 la
1671 2530 1828 2570 conclu·

341 2582 451 2620 sione
487 2581 675 2626 generale
709 2579 749 2617 di
782 2582 886 2617 tutto
920 2579 946 2616 il
979 2591 1132 2624 gruppo
1165 2578 1204 2615 di
1231 2590 1366 2624 prove.
1462 2598 1504 2604 —
1532 2579 1617 2616 521.
1647 2591 1739 2616 vera
1763 2590 1828 2616 res

344 2629 360 2645 “
381 2630 409 2667 il
434 2630 536 2667 fatto
555 2655 588 2672 „.
686 2648 728 2654 —
748 2627 833 2663 522.
855 2629 966 2664 eunti
991 2629 1009 2644 ‘⁴
1026 2626 1326 2664 all⁷avversario
1342 2652 1372 2670 „.
1463 2646 1504 2652 —
1523 2626 1608 2663 523.
1633 2625 1826 2673 refutatu,

340 2671 404 2713 lin.
423 2678 519 2725 λεγ.;
546 2677 716 2722 ancipiti
734 2674 854 2721 refut.
877 2675 893 2693 “
910 2687 982 2712 con
1004 2686 1084 2711 una
1103 2673 1378 2711 confutazione
1401 2686 1424 2711 a
1446 2673 1522 2712 due
1539 2673 1665 2712 faccie
1679 2703 1695 2720 „
1709 2702 1720 2720 ,
1746 2685 1827 2710 una

340 2735 411 2770 per
436 2724 477 2761 la
502 2723 694 2763 malattia,
720 2722 851 2760 l'altra
876 2734 948 2768 per
973 2723 1012 2759 la
1038 2721 1284 2767 guarigione.

436 2769 630 2820 [524-545.
658 2770 758 2808 Vedi
784 2770 886 2816 dopo
912 2768 1007 2812 667]
