1872 3002
325 172 412 220 232
744 170 829 219 DE
859 169 1092 218 RERUM
1122 169 1399 219 NATURA

355 272 427 318 his
458 271 604 330 igitur
636 272 770 318 rebus
802 270 1059 318 subiunctis
1090 270 1430 331 suppositisque

355 342 478 383 terra
510 351 703 395 superne
735 335 892 383 tremit
923 336 1108 395 magnis
1141 351 1365 384 concussa
1396 335 1559 394 ruinis,
1619 355 1621 358 ⁴

254 414 324 452 545
355 403 510 450 subter
541 402 620 448 ubi
652 402 854 460 ingentis
887 401 1128 460 speluncas
1160 401 1342 449 subruit
1375 405 1524 448 aetas:

355 467 523 526 quippe
555 466 726 513 cadunt
757 466 844 514 toti
876 468 1066 525 montes,
1102 483 1362 526 magnoque
1393 469 1579 525 repente
1651 486 1668 493 0

348 547 570 579 concussu
601 531 694 578 late
726 531 990 590 disserpunt
1023 531 1129 579 inde
1161 537 1397 579 tremores.

353 602 399 644 et
431 597 608 654 merito,
641 596 858 655 quoniam
892 596 1086 655 plaustri
1119 612 1340 644 concussa
1370 601 1653 644 tremescunt
1682 623 1688 628 -

351 667 486 720 tecta,
521 663 646 709 viam
679 666 875 721 propter,
904 678 996 710 non
1028 678 1198 721 magno
1231 662 1429 721 pondere
1460 666 1572 719 tota,

251 738 322 775 550
352 739 436 775 nec
467 728 620 774 minus
652 727 864 774 exultant
894 743 979 783 res,
1012 732 1064 774 ut
1095 727 1203 786 lapi’
1239 743 1433 786 cumque
1465 726 1560 774 viai

352 793 546 839 ferratos
579 792 810 851 utrimque
842 798 1048 839 rotarum
1082 792 1281 839 succutit
1313 792 1458 839 orbes.

352 858 403 905 fit
434 874 626 917 quoque,
660 858 740 905 ubi
770 859 819 904 in
851 874 1047 916 magnas
1079 864 1225 918 aqiiae
1256 862 1502 916 vastasque
1534 857 1727 906 lucunas

353 923 489 981 gleba
519 928 749 971 vetustate
781 939 804 970 c
837 928 962 970 terra
995 924 1284 983 provolvitur
1315 924 1494 982 ingens,

353 993 404 1035 ut
434 988 630 1036 iactetur
661 1004 808 1048 aquae
840 989 982 1036 fluctu
1015 1005 1193 1048 quoque
1225 993 1349 1035 terra
1379 987 1603 1036 vacillans
1613 1005 1626 1043 3

253 1062 323 1100 555
356 1058 406 1100 ut
437 1070 520 1101 vas
550 1054 786 1101 interdum
818 1070 911 1101 non
943 1055 1043 1114 quit
1075 1059 1298 1111 constare,
1330 1052 1421 1100 nisi
1453 1068 1586 1100 umor

355 1119 530 1167 destitit
561 1120 609 1166 in
643 1119 780 1166 dubio
811 1120 955 1167 fluctu
986 1119 1200 1167 iactarier
1233 1119 1372 1166 intus.

325 1343 600 1380 climinazione
621 1342 659 1379 di
678 1342 864 1380 elementi
881 1341 987 1387 ignei
1005 1342 1112 1380 aerei
1140 1355 1173 1388 e,
1192 1343 1231 1380 in
1250 1355 1351 1388 gran
1367 1347 1495 1391 parte,
1511 1343 1640 1383 anche
1661 1344 1815 1390 aequm,

325 1403 405 1428 non
431 1393 535 1428 tutte
561 1390 598 1427 le
625 1390 730 1434 parti
757 1389 796 1426 di
822 1402 909 1427 essa
929 1389 1152 1435 superficie,
1177 1391 1303 1428 anche
1330 1391 1367 1429 le
1391 1389 1459 1437 piu
1477 1390 1576 1431 dure
1602 1403 1629 1431 e
1647 1402 1815 1436 sansone,

325 1441 524 1484 potevano
540 1440 693 1485 pariter
719 1437 919 1475 subsidere
936 1441 971 1475 et
989 1437 1234 1476 succumbere
1242 1452 1259 1483 ‚·,
1281 1450 1302 1476 e
1321 1441 1464 1483 questa
1482 1451 1550 1477 era
1571 1441 1815 1478 certamente

325 1486 392 1524 nel
408 1486 591 1531 pensiero
611 1485 648 1522 di
669 1485 840 1529 Epicuro
856 1498 876 1522 e
894 1485 934 1522 di
948 1485 1138 1523 Lucrezio
1158 1486 1285 1523 anche
1299 1486 1339 1523 la
1355 1486 1520 1532 ragione
1538 1485 1611 1525 che
1622 1486 1760 1533 spiega
1777 1485 1816 1524 le

326 1532 459 1571 cavit&
478 1536 727 1572 sotterranee
754 1532 826 1570 che
853 1533 918 1570 noi
944 1532 1166 1577 scopriamo
1192 1534 1322 1571 vicino
1348 1533 1429 1572 alla
1455 1533 1678 1580 superficie,
1694 1546 1719 1573 e
1743 1533 1814 1572 che

325 1581 621 1619 naturalmente
648 1584 898 1625 contengono
918 1593 938 1617 e
958 1579 1138 1618 dell⁷aria
1155 1593 1176 1618 e
1196 1580 1430 1626 dell'acqua.
1450 1581 1530 1619 Per
1546 1580 1586 1620 la
1602 1580 1816 1621 medesima

326 1641 448 1666 causa
473 1628 510 1666 le
538 1628 750 1666 medesime
776 1627 998 1665 condizioni
1024 1627 1058 1664 si
1083 1627 1288 1666 dovranno
1315 1640 1511 1667 avverare
1543 1628 1673 1669 anche⁴
1701 1640 1808 1668 scen·

325 1675 454 1714 dendo
476 1676 544 1720 giu
561 1676 630 1720 giu
648 1687 719 1720 per
740 1677 854 1712 entro
871 1675 951 1712 alla
972 1678 1092 1721 terra,
1118 1674 1197 1712 fino
1215 1675 1296 1714 alla
1321 1676 1449 1714 faccia
1465 1678 1645 1722 opposta.
1666 1675 1816 1720 Questa

325 1724 577 1769 spiegazione
592 1723 645 1760 mi
659 1734 733 1768 par
747 1722 817 1768 piu
831 1722 1039 1767 probabile
1053 1735 1074 1760 e
1093 1723 1354 1761 concludente
1369 1723 1408 1760 di
1427 1724 1561 1769 quella
1579 1722 1643 1764 del
1659 1723 1814 1768 Munro,

329 1772 400 1809 che
419 1770 519 1809 vede
545 1771 613 1815 qui
639 1770 812 1808 soltanto
834 1782 914 1807 una
940 1770 1212 1815 applicazione
1239 1770 1345 1809 della
1363 1771 1516 1809 famosa
1539 1771 1657 1817 legge
1682 1771 1815 1817 epicu-

324 1831 394 1856 rea
420 1818 700 1866 (ΙΘΙΡὶσονομία.
726 1817 926 1855 Piuttosto
945 1816 1007 1855 c’e
1034 1818 1160 1855 anche
1180 1818 1249 1862 qui
1272 1831 1324 1856 un
1353 1817 1414 1864 po’
1430 1818 1536 1856 della
1552 1818 1670 1857 solita
1686 1830 1816 1857 ecces-

324 1867 411 1904 siva
425 1865 570 1903 fiducia
581 1865 873 1910 nell’analogia.
947 1885 984 1890 —
1001 1864 1088 1902 543.
1106 1864 1121 1880 “
1134 1865 1358 1912 Esistend0‚
1371 1866 1566 1911 collegato
1585 1878 1607 1904 θ
1625 1877 1815 1905 eonnesse

326 1913 427 1951 colla
449 1916 569 1959 terra,
589 1913 628 1950 di
650 1915 789 1958 queste
811 1924 982 1950 caverne
1008 1924 1030 1950 e
1057 1912 1094 1949 di
1114 1913 1242 1957 questi
1270 1913 1380 1958 laghi
1404 1925 1483 1956 ecc.
1506 1943 1528 1960 ,,
1598 1911 1733 1950 -545
1757 1925 1814 1961 sg.

325 1962 426 1998 Puoi
453 1961 707 1999 confrontare
735 1960 861 1998 anche
887 1959 977 1998 Sen.
1003 1959 1028 1996 1.
1051 1972 1081 1997 c.
1104 1959 1276 2007 fortasse
1294 1961 1433 2007 aliqua
1447 1973 1546 2007 pars
1564 1965 1698 1999 terrae
1712 1961 1815 2000 velut

326 2010 520 2046 columnis
547 2008 781 2055 quibusdam
807 2019 852 2045 ac
875 2007 974 2054 pilis
999 2010 1233 2054 sustinetur,
1268 2008 1413 2055 quibus
1445 2011 1600 2047 vitiatis
1633 2020 1680 2046 ao
1712 2021 1814 2047 rece-

326 2056 508 2094 dentibus
546 2058 677 2094 tremit
716 2056 871 2101 pondus
913 2057 1150 2101 impositum.
1247 2073 1293 2081 —
1333 2054 1415 2094 547.
1455 2056 1711 2103 disserpunt,-
1747 2051 1809 2091 ἅπ.

327 2105 403 2150 acy.
501 2123 545 2128 —
571 2102 656 2141 548.
683 2104 867 2149 plaustri
892 2103 1025 2146 (costr.
1055 2114 1134 2140 uon
1169 2115 1309 2149 magyno
1336 2103 1508 2150 pondere
1532 2103 1712 2151 plaustri
1727 2115 1813 2142 oon-

326 2163 441 2189 cussa
470 2155 567 2189 tecta
595 2155 674 2189 tota
701 2150 951 2194 tremescunt)
978 2161 1050 2187 con
1077 2150 1198 2187 Lach.
1225 2151 1344 2188 Bern.
1370 2151 1479 2189 Mun.
1504 2150 1598 2196 Brg.
1623 2163 1695 2196 per
1719 2162 1809 2188 mss.

320 2200 534 2245 plaustris,
558 2199 630 2236 che
656 2197 751 2244 pero
778 2198 805 2235 il
832 2197 976 2240 Christ,
1002 2209 1074 2234 con
1101 2197 1206 2243 altri,
1233 2197 1393 2236 difende
1429 2199 1525 2242 (non
1550 2210 1694 2244 mayno
1714 2210 1812 2245 pon-

325 2247 415 2284 dere
448 2246 683 2292 plaustris),
719 2245 825 2283 forse
863 2257 887 2282 a
920 2245 1103 2290 ragione,
1139 2245 1215 2282 ben
1241 2245 1415 2290 potendo
1459 2245 1474 2261 ‘⁴
1495 2258 1550 2283 un
1584 2257 1698 2284 carro
1730 2257 1810 2283 non

325 2294 446 2332 molto
489 2296 654 2339 pesante
679 2320 698 2336 „
741 2291 983 2338 significare:
1028 2291 1041 2306 ‘⁶
1065 2304 1118 2329 un
1161 2304 1274 2330 carro
1317 2305 1395 2331 non
1433 2293 1563 2331 carico
1603 2293 1643 2330 di
1685 2293 1807 2332 molto

324 2354 418 2386 peso
439 2371 469 2387 „.
570 2361 607 2366 -
635 2340 717 2378 550.
743 2340 819 2378 Nei
846 2352 934 2377 mss.
961 2351 1040 2377 non
1065 2341 1198 2378 minus
1224 2341 1448 2381 exultantes
1473 2341 1619 2387 dupuis
1653 2353 1812 2388 cumque
1870 2351 1872 2353 ’

325 2391 413 2426 vim.
449 2388 612 2426 Laclnn.
637 2388 675 2433 (e
701 2387 834 2433 Bern.)
869 2399 938 2425 nec
972 2389 1104 2424 minus
1126 2388 1331 2433 .eoeultant‚
1357 2392 1392 2426 et
1426 2387 1499 2426 ubi
1527 2387 1626 2434 lapi’
1651 2395 1812 2434 cumque
1870 2390 1872 2392 ’

324 2437 410 2474 viai
432 2437 468 2479 (e
495 2448 586 2472 non*
601 2436 803 2473 sussultan
824 2447 939 2472 meno
961 2434 1032 2473 che
1052 2446 1160 2472 come
1179 2435 1352 2479 quando,
1373 2436 1483 2479 ecc.),
1505 2435 1606 2475 dove
1626 2433 1655 2473 ,ὲ
1678 2435 1810 2473 sicura
1869 2438 1872 2457 ³

324 2483 364 2520 la
389 2495 535 2521 correz.
556 2485 641 2521 viai
663 2495 735 2528 per
762 2485 836 2531 vim
863 2494 884 2520 e
909 2481 1030 2520 molto
1056 2482 1262 2526 probabile
1293 2483 1362 2521 ubi
1373 2509 1380 2518 .
1397 2508 1428 2520 ..
1455 2494 1625 2530 cumque,
1649 2494 1716 2521 ma.
1731 2493 1811 2523 non
1863 2489 1872 2524 ,ἓ

324 2531 534 2576 probabile
560 2535 605 2569 et.
630 2531 791 2568 Munro:
817 2542 886 2567 uec
910 2532 1006 2567 min.
1033 2530 1224 2575 exultant,
1251 2534 1295 2568 ut
1329 2542 1500 2577 scrupus.
1530 2536 1692 2577 cumque
1715 2531 1808 2568 viai.
1868 2535 1872 2563 ἶ

324 2579 391 2616 Ma
416 2591 459 2616 se
484 2579 522 2616 le
549 2590 639 2616 ease
664 2581 844 2616 tremano
871 2577 910 2614 al
931 2577 1116 2621 semplice
1135 2578 1346 2623 passaggio
1373 2577 1412 2615 di
1435 2577 1634 2624 plaustra,
1650 2576 1673 2616 ὲ
1698 2579 1811 2617 natu·
1856 2587 1872 2615 5⁴.

324 2627 408 2664 rale
440 2626 739 2671 l’aggiungere:
771 2638 792 2663 e
825 2637 902 2663 non
936 2629 1115 2662 tremano
1142 2637 1271 2672 meno,
1303 2624 1462 2670 quando
1488 2625 1552 2663 c'e
1577 2636 1662 2663 una
1689 2635 1810 2665 causa
1870 2641 1872 2644 ·

324 2674 528 2718 maggiore
567 2673 604 2710 di
637 2674 901 2711 scotimento?
935 2672 1014 2709 Per
1034 2672 1150 2710 'altre
1175 2677 1362 2717 propostc
1391 2672 1612 2718 pax-ecchie,
1636 2683 1811 2711 nessuna

325 2721 630 2767 soddisfacente,
664 2720 755 2758 vedi
789 2720 912 2765 Folle,
948 2719 1141 2766 Pleiloloy.
1166 2720 1304 2766 XXV;
1329 2719 1603 2761 P‹›lle-stess0.
1629 2731 1708 2759 non
1737 2731 1808 2758 vo-

325 2768 442 2808 lendo
469 2768 540 2806 che
567 2768 599 2805 si
625 2768 727 2815 parli
753 2779 900 2806 ancora
926 2766 990 2805 del
1015 2770 1163 2805 tremar
1189 2767 1292 2806 delle
1317 2778 1427 2807 case:
1452 2779 1526 2813 nec>
1545 2769 1679 2808 vuinus
1704 2767 1810 2807 exul-

1848 2667 1872 2725 γ’πὶ

1853 2734 1872 2826 l}

1846 2831 1872 2874 ‘J

1845 2882 1872 3002 sl
