1872 3002
307 161 362 208 14
716 160 801 209 DE
831 159 1063 210 RERUM
1094 158 1371 209 NATURA

333 278 427 310 esse
459 261 656 310 hominis
689 267 867 322 partem
899 262 994 310 nilo
1027 263 1180 310 minus
1212 278 1266 309 ac
1297 275 1461 308 manus
1493 262 1537 306 et
1568 273 1646 318 pes

332 331 469 386 atque
501 326 621 373 oculi
652 332 804 386 partes
838 327 1089 375 animantis
1119 326 1260 374 totius
1292 330 1466 373 extant.

333 473 515 504 sensum
548 457 691 503 animi
724 461 849 505 certa
879 474 970 505 non
1004 474 1100 505 esse
1132 458 1180 504 in
1213 462 1343 516 parte
1375 456 1588 519 locatum,

332 537 494 569 verum
527 521 734 569 habitum
768 523 995 582 quendam
1027 523 1217 571 vitalem
1249 521 1450 581 corporis
1481 535 1590 578 esse,
1618 584 1621 587 Δ

303 717 629 756 deteiminazioni
655 718 728 755 che
756 717 939 757 vedremo
965 718 1035 774 piu
1060 717 1197 756 avanti
1229 717 1270 755 in
1298 717 1524 776 Lucrezio);
1562 716 1602 755 di
1634 728 1722 756 essa
1746 716 1787 755 la

303 768 418 810 parte
445 765 620 803 centrale
648 778 669 804 6
703 765 912 812 dirigente,
947 764 987 802 τὸ
1012 762 1246 813 ἡγεμονικόν,
1271 761 1310 801 τὸ
1338 764 1484 813 λογικόν
1515 748 1570 803 'ha
1603 764 1697 803 sede
1721 765 1787 804 nel

303 816 413 858 petto
442 812 662 860 (animus)
687 813 736 851 da
762 817 904 859 questa
930 814 963 851 si
987 813 1136 851 irradia
1153 825 1225 859 per
1245 816 1350 851 tutto
1371 814 1399 851 il
1417 825 1510 859 corp
1513 824 1535 851 o
1552 812 1592 850 la
1609 815 1787 851 restante

302 861 435 899 anima
462 861 646 907 (anima),
671 858 849 908 Ρᾶλογον.
876 861 958 899 0116
984 862 1110 900 anche
1135 873 1206 907 per
1231 861 1403 906 Epicuro
1436 872 1516 899 non
1548 872 1566 898 s
1568 859 1711 899 'abbia
1736 859 1788 898 ad

303 911 538 946 ammettere
575 909 720 947 alcuna.
757 908 947 947 diversit&
985 910 1091 947 nella
1130 908 1418 954 composizione
1452 908 1690 947 sostanziale
1723 911 1788 946 tra

303 959 462 994 animus
491 969 512 994 6
547 958 694 1001 anima,
721 969 784 994 ma
811 957 894 995 solo
926 969 1007 995 una
1034 957 1268 995 distinzione
1305 956 1547 1003 funzionale,
1579 955 1601 995 ὸ
1626 955 1686 995 cib
1711 955 1784 995 che

303 1005 527 1049 sopratutto
549 1006 581 1042 si
603 1016 716 1043 cerea
735 1004 775 1042 di
793 1004 1028 1043 dimostrato
1047 1005 1151 1043 nello
1173 1004 1329 1043 Studio:
1350 1004 1578 1051 Psicoloyia
1594 1006 1785 1063 epicurea.

301 1051 367 1089 Ad
390 1052 485 1097 ogni
509 1051 636 1096 modo,
661 1065 731 1098 per
757 1064 866 1091 esser
891 1053 930 1090 la
956 1053 1191 1090 distinzione
1224 1057 1288 1090 tra
1320 1054 1480 1090 animus
1508 1063 1531 1090 e
1557 1053 1696 1090 anima
1719 1051 1787 1097 gia

303 1100 368 1137 nel
394 1112 560 1138 comune
585 1112 700 1138 senso
727 1112 748 1138 e
775 1100 1021 1147 linguaggio,
1047 1113 1080 1146 e,
1107 1101 1208 1146 dopo
1234 1100 1262 1137 il
1289 1102 1443 1138 tentato
1469 1094 1646 1149 χορισμός
1661 1100 1787 1145 plato-

302 1148 390 1185 nico
415 1147 466 1192 (e,
490 1150 654 1186 mutatis
685 1149 900 1195 mutandis,
931 1148 1202 1193 aristotelico),
1234 1160 1305 1193 per
1331 1159 1474 1190 essere,
1512 1159 1623 1186 come
1649 1146 1787 1187 distin-

302 1195 414 1233 zione
440 1195 479 1232 di
504 1197 622 1242 parti,
646 1208 701 1233 un
727 1199 908 1234 concetto
933 1197 1231 1242 generalmente
1257 1198 1456 1234 accettato
1482 1207 1503 1233 e
1520 1195 1786 1234 determinato

302 1243 408 1280 nella
434 1243 711 1288 speculazione
737 1243 945 1291 filosofiea;
971 1244 1140 1283 avviene
1160 1244 1455 1282 naturalmente
1472 1243 1543 1281 che
1561 1242 1689 1282 anche
1705 1243 1785 1281 Lu-

302 1291 429 1329 crezio
454 1291 479 1327 l'
489 1295 679 1329 ammetta
705 1303 797 1329 senz
800 1291 927 1338 ’altro,
954 1304 1075 1330 senza
1099 1303 1282 1337 espressa
1300 1291 1604 1330 dimostrazione
1627 1313 1675 1319 —-
1699 1291 1786 1329 seb-

301 1339 402 1423 gene
428 1342 570 1383 questa
595 1339 726 1380 risulti
751 1339 816 1384 poi
840 1340 1032 1386 implicita
1068 1340 1175 1378 nella
1208 1339 1374 1378 distinta
1406 1338 1648 1378 descrizione
1678 1337 1783 1377 delle

329 1399 378 1424 ue
404 1398 505 1425 cose.

395 1434 541 1471 94-135.
567 1435 701 1472 Prima
728 1434 767 1472 di
793 1447 953 1481 esporre
979 1435 1018 1473 la
1043 1448 1114 1473 sua
1141 1436 1268 1474 teoria
1293 1435 1485 1473 Lucrezio
1511 1433 1676 1472 confuta.
1700 1445 1782 1472 una

301 1482 498 1527 opinione,
525 1482 609 1529 che,
634 1495 658 1520 a
689 1482 894 1528 giudicare
928 1483 1032 1521 dalle
1069 1483 1156 1530 freq
1159 1485 1271 1522 uenti
1306 1483 1587 1525 confutazioni,
1620 1481 1782 1521 dovette

300 1542 420 1568 avere
445 1543 526 1568 una
552 1530 723 1569 discreta
750 1530 927 1569 tenacita
951 1544 972 1568 e
998 1498 1225 1570 diffusione:
1257 1530 1477 1576 l⁷opini0ne
1515 1531 1588 1569 che
1620 1529 1782 1568 l'anima

300 1589 378 1632 non
405 1579 524 1616 abbia
550 1591 631 1616 una
656 1577 786 1616 realta
810 1578 1060 1621 sostanziale
1086 1592 1150 1617 ma
1180 1579 1239 1617 sia
1273 1579 1596 1635 semplicemente
1627 1577 1783 1616 Parmo-

298 1625 388 1664 nica
414 1626 710 1664 combinazione
745 1626 849 1664 delle
874 1627 979 1672 parti
1005 1626 1068 1664 (161
1094 1639 1187 1673 corp
1190 1640 1225 1666 0
1257 1627 1407 1671 Questa
1439 1628 1625 1673 opinione
1659 1624 1682 1664 ὸ
1716 1624 1783 1672 gia

300 1674 517 1719 confutata,
545 1686 653 1712 come
679 1673 700 1711 e
728 1679 833 1718 noto
860 1675 911 1712 da
937 1675 1104 1713 Platone
1130 1675 1195 1712 1161
1220 1674 1381 1713 Fedone
1415 1675 1475 1721 (80
1503 1675 1615 1720 sggq)
1639 1673 1706 1720 poi
1716 1638 1783 1711 gfu

300 1721 339 1758 di
364 1734 495 1760 nuovo
522 1722 768 1760 combattuta
794 1722 844 1759 da
869 1723 1101 1769 Aristotele,
1132 1735 1241 1761 come
1266 1722 1345 1767 egli
1379 1727 1504 1761 stesso
1535 1733 1712 1760 accenna
1737 1722 1784 1759 de

301 1771 450 1817 anima,
473 1770 494 1807 I
519 1771 560 1816 43
583 1783 603 1808 6
629 1782 684 1807 un
710 1770 948 1809 frammento
977 1771 1218 1809 aristotelico
1244 1770 1316 1808 che
1343 1770 1371 1808 il
1395 1771 1576 1815 Bernays
1595 1768 1780 1815 (Dialoye

301 1817 367 1854 des
392 1799 533 1861 Arist.)
560 1817 794 1855 attribuiscc
829 1819 867 1855 al
895 1818 1053 1864 dialogo
1082 1818 1265 1864 Eudemo,
1299 1818 1482 1857 contiene
1519 1819 1698 1863 appunto
1725 1829 1779 1854 un

299 1872 532 1909 argomento
559 1869 695 1903 contro
721 1865 899 1903 l’anima-
886 1867 1081 1904 -armonia
1107 1867 1165 1911 [se
1191 1867 1230 1903 la
1257 1865 1496 1904 ‹lisarmonia
1522 1865 1587 1904 del
1612 1877 1731 1910 corpo
1757 1863 1778 1902 ὸ

299 1913 492 1958 malattia,
523 1913 737 1951 debolezza
776 1927 796 1951 e
837 1915 1053 1959 bruttezza,
1080 1926 1101 1951 e
1127 1914 1332 1952 l'armonia
1369 1913 1390 1952 ὸ
1429 1915 1570 1957 salute,
1607 1913 1719 1952 forza
1757 1925 1778 1947 6,

302 1961 486 2004 bellezza,
511 1961 672 1999 l’anima
698 1974 777 2000 non
803 1973 823 1998 6
850 1975 900 1999 ne
926 1963 1068 2007 salute,
1093 1974 1143 1999 ne
1176 1962 1299 2005 sorza,
1335 1960 1385 1999 ne
1420 1961 1608 2005 bellezza,
1639 1959 1780 2006 poiche

299 2009 453 2047 'sersite
479 2021 606 2047 aveva
631 2022 729 2054 pure
755 2009 969 2052 un’anima,
997 2009 1147 2047 benche
1174 2009 1442 2052 bruttissimo3
1465 2023 1487 2048 e
1513 2009 1674 2048 l'anima
1699 2019 1778 2046 non

300 2055 321 2093 e
348 2056 509 2102 dunque
534 2069 711 2102 neppure
738 2057 944 2103 armonial.
966 2058 1032 2095 Ma
1049 2059 1210 2103 proprio
1233 2057 1311 2095 due
1329 2057 1472 2096 scolari
1490 2057 1528 2095 di
1549 2055 1779 2099 Aristotele,

299 2105 552 2142 Aristosseno
580 2118 600 2142 6
626 2105 830 2150 Dicearco‚
856 2105 884 2142 il
909 2106 1036 2150 primo
1062 2108 1300 2150 sopratutt0‚
1326 2106 1399 2144 che
1426 2118 1495 2144 era
1520 2106 1672 2143 famoso
1705 2116 1777 2150 per

298 2152 337 2189 la
363 2164 436 2190 sua
457 2152 612 2189 scienza
632 2153 831 2194 musicale‚
858 2153 1055 2197 appaiono
1081 2165 1190 2191 come
1217 2154 1428 2200 principali
1454 2153 1680 2192 sostenitori
1699 2151 1778 2190 del·

298 2200 668 2238 l’anima-armonia.
704 2200 783 2238 Cic.
822 2201 936 2239 Tusa.
969 2201 988 2238 Ι
1024 2202 1067 2238 19
1093 2204 1361 2240 Aristoxenus
1396 2203 1570 2239 musicus
1602 2201 1777 2247 idemque

296 2248 551 2294 philosophus
575 2251 702 2294 ipsius
735 2251 911 2294 corporis
940 2250 1193 2287 intentionem
1218 2251 1428 2295 quandam,
1462 2249 1565 2287 velut
1589 2251 1634 2287 in
1659 2252 1779 2286 cantu

300 2299 335 2332 et
361 2295 506 2342 fidibus
531 2308 629 2342 quae
651 2297 862 2333 harmonia
887 2297 1052 2339 dicitur,
1079 2299 1135 2334 sic
1155 2309 1202 2334 ex
1222 2299 1400 2343 corporis
1424 2299 1544 2334 totius
1567 2300 1718 2334 natura
1744 2300 1779 2334 et

298 2343 431 2389 fiyura
458 2345 589 2380 varios
613 2347 738 2381 motus
763 2345 863 2380 cieri
878 2347 1075 2390 tamquam
1094 2346 1137 2381 iu
1156 2348 1272 2381 cantu
1291 2356 1418 2382 sonos.
1441 2343 1520 2382 Hic
1536 2345 1584 2382 ab
1603 2343 1774 2390 artificio

299 2402 369 2428 suo
395 2402 473 2428 non
498 2393 667 2435 recessit,
694 2396 766 2428 etc.
793 2391 830 2434 (e
862 2390 901 2428 di
934 2403 1066 2429 nuovo
1105 2391 1144 2428 di
1181 2392 1433 2430 Aristosseno
1465 2392 1503 2428 al
1537 2393 1650 2436 §413
1684 2390 1776 2429 vedi

298 2442 402 2475 sotto
429 2437 467 2475 al
493 2451 530 2476 v.
557 2439 622 2475 131
650 2440 770 2484 sgg.);
796 2438 861 2483 poi
887 2438 925 2475 al
952 2439 970 2482 ξ
997 2440 1041 2475 21
1069 2438 1107 2475 di
1146 2439 1358 2477 Dicearco:
1390 2439 1512 2483 (Dic.)
1551 2439 1657 2477 nihil
1694 2450 1774 2476 esse

299 2488 456 2524 omniuo
481 2487 659 2523 animum
684 2490 718 2523 et
744 2486 812 2524 hoc
838 2497 916 2523 esse
942 2498 1079 2524 nomen
1106 2491 1225 2524 totum
1250 2489 1424 2524 inane..
1452 2489 1603 2534 vimque
1628 2499 1775 2525 omnem

299 2546 383 2571 eam
408 2546 486 2580 qua
511 2534 569 2570 vel
594 2545 758 2578 aqamus
783 2534 879 2579 quid
914 2534 972 2570 vel
1003 2536 1220 2571 sentiamus
1254 2537 1297 2571 in
1332 2534 1511 2572 omnibus
1546 2533 1775 2581 corporibus

289 2584 396 2618 >civis
421 2580 682 2640 aequabiliter
708 2593 787 2618 6336
812 2580 946 2626 fusam
972 2591 1039 2618 uec
1064 2582 1284 2627 separabile
1310 2594 1334 2619 a
1368 2594 1560 2628 corpor-..e
1610 2582 1654 2626 (il
1679 2582 1774 2628 qual

299 2640 416 2680 corpo
442 2627 478 2671 6)
504 2630 562 2665 ita
586 2628 800 2675 fiqutatum
828 2632 871 2664 ut
896 2633 1039 2674 temper
1041 2631 1172 2667 atione
1196 2633 1367 2667 naturae
1400 2631 1527 2676 viyeat
1551 2634 1587 2667 et
1617 2632 1774 2668 sentiat.

295 2669 327 2718 Ε
355 2681 509 2718 curioso
536 2681 608 2718 che
634 2680 824 2718 Cicerone
851 2692 929 2718 non
957 2683 1124 2719 avverta
1149 2682 1217 2726 qui
1243 2680 1449 2719 l’identita
1487 2682 1551 2721 del
1587 2683 1772 2728 pensiero

297 2728 335 2765 (11
361 2729 613 2766 Aristosseno
641 2742 661 2766 e
688 2729 726 2766 di
752 2729 965 2775 Dicearco;
1001 2729 1176 2776 sebbene
1211 2729 1240 2766 li
1272 2729 1411 2767 unisca
1436 2729 1506 2775 piu
1531 2733 1647 2776 sotto,
1672 2732 1692 2774 ἓ
1716 2733 1774 2770 51.

296 2775 468 2822 Dunque
493 2776 706 2822 l’opinione
732 2776 877 2821 vigeva
910 2788 1056 2814 ancora
1081 2777 1122 2814 in
1155 2777 1277 2822 tempi
1302 2777 1543 2816 ciceroniani
1570 2790 1592 2816 0
1617 2778 1776 2821 vicinis-
