1872 3002
333 158 422 222 260
572 198 574 201 -
744 174 829 222 DE
844 173 1093 224 RERUM
1123 174 1401 224 NATURA

365 273 659 327 castoreoque
691 268 825 327 gravi
858 268 1025 316 mulier
1056 269 1206 329 sopita
1236 269 1475 327 recumbit,

266 349 333 385 795
364 339 408 380 et
440 333 653 380 manibus
686 332 884 379 nitidum
917 335 1086 382 teneris
1118 350 1232 394 opus
1263 334 1409 382 effluit
1441 335 1484 382 ei

266 414 334 449 796
366 405 566 456 tempore
598 414 649 445 eo
681 397 721 444 si
753 398 989 446 odoratast
1020 415 1111 459 quo
1143 405 1383 448 menstrua
1415 399 1566 447 solvit.

266 478 334 514 799
367 464 560 522 denique
592 463 631 510 si
663 463 825 511 calidis
858 464 998 512 etiam
1031 469 1246 513 cunctere
1277 465 1482 513 lavabris

265 543 335 579 800
368 529 543 588 plenior
574 533 619 576 et
650 529 806 587 fueris,
840 529 954 578 solio
985 531 1210 578 ferventis
1242 531 1382 590 aquai

366 609 504 652 quam
538 593 671 640 facile
701 594 750 641 in
782 595 931 642 medio
961 595 1012 642 fit
1044 596 1112 643 uti
1144 596 1221 644 des
1254 611 1388 655 saepe
1420 595 1600 644 ruinas!

367 660 708 719 carbonumque
740 661 899 719 gravis
931 661 1003 708 vis
1036 666 1174 721 atque
1207 662 1318 709 odor
1348 662 1612 710 insinuatur

368 740 503 784 quam
532 725 667 772 facile
693 726 742 772 in
767 727 1021 786 cerebrum,
1048 728 1138 774 nisi
1164 743 1330 787 aquam
1359 727 1673 788 praecepimus
1697 728 1825 775 ante!

367 801 415 836 at
448 806 551 837 cum
585 792 790 838 membra
823 791 1016 839 domans
1048 793 1250 852 percepit
1281 793 1462 841 fervida
1493 792 1650 851 febris,

342 967 485 1006 111485
503 980 587 1013 sgg.
605 968 638 1005 Il
654 969 813 1006 Lachm.
830 972 1029 1015 trasporta
1043 973 1183 1015 questo
1200 983 1314 1009 verso
1329 970 1431 1017 dopo
1446 972 1528 1009 803.
1596 989 1641 997 -
1663 970 1746 1007 795.
1769 969 1829 1010 Un

339 1016 519 1060 grazioso
537 1015 761 1063 quadretto,
779 1018 852 1055 che
870 1017 1025 1056 ricorda
1044 1018 1175 1057 l’altro
1193 1031 1267 1057 con
1289 1018 1351 1056 eui
1370 1019 1402 1056 si
1420 1017 1563 1056 chiude
1586 1018 1614 1056 il
1635 1030 1766 1057 carme
1784 1018 1830 1056 65

341 1064 380 1100 di
401 1063 569 1101 Catullo.
667 1084 710 1089 —-
732 1064 915 1102 799-801.
941 1066 988 1102 In
1013 1077 1146 1104 mezzo
1172 1078 1196 1103 a
1218 1067 1312 1104 tutti
1338 1066 1469 1112 questi
1489 1066 1638 1112 esempi
1664 1065 1706 1104 di
1725 1077 1830 1104 ema-

341 1111 498 1148 nazioni
525 1111 663 1149 nocive
689 1112 813 1149 riesee
840 1125 863 1150 a
890 1113 955 1151 noi
982 1116 1119 1151 strano
1141 1119 1281 1159 questo
1307 1113 1518 1152 fenomeno
1544 1113 1619 1152 che
1644 1112 1667 1151 ὸ
1693 1112 1734 1151 di
1752 1115 1831 1151 tut-

342 1158 368 1195 t’
380 1158 482 1196 altro
504 1170 663 1204 genere.
681 1159 747 1197 Ma
762 1160 953 1198 Lucrezio
973 1160 1125 1198 vedeva
1143 1173 1213 1206 per
1234 1162 1359 1200 fermo
1377 1161 1504 1199 anche
1518 1161 1560 1199 in
1576 1163 1717 1207 questo
1740 1171 1831 1199 caso

341 1206 506 1243 l'effetto
522 1205 561 1243 di
580 1218 659 1243 una
678 1206 911 1245 esalazione.
1001 1228 1047 1233 —
1062 1209 1145 1244 799.
1161 1213 1339 1247 cunctere
1356 1221 1430 1247 eou
1448 1221 1538 1248 mss.
1553 1209 1660 1255 Brg„
1677 1211 1831 1246 mutato

345 1255 381 1290 in
405 1257 588 1291 cunctare
610 1253 661 1291 da
683 1255 724 1291 L.
740 1255 781 1291 B.
797 1255 848 1292 M.
871 1275 914 1280 —
937 1256 995 1292 La
1017 1256 1144 1294 forma
1165 1257 1282 1294 solita
1309 1257 1466 1294 labrum
1491 1259 1554 1294 sta
1578 1268 1603 1294 a
1624 1255 1832 1295 lavabrum

343 1313 453 1339 come
473 1301 628 1339 latrina
649 1313 672 1338 a
692 1303 904 1340 lavati-ina.
981 1323 1020 1328 --
1043 1303 1126 1339 800.
1146 1304 1238 1341 Mss.
1255 1305 1412 1350 plenior
1428 1303 1610 1351 efflueris
1625 1303 1736 1347 solio,
1755 1306 1830 1342 ete.

344 1350 517 1386 eon-etto
539 1348 589 1385 da.
610 1349 772 1387 Laebm.
792 1353 830 1393 (e
849 1350 930 1388 cosi
948 1351 1066 1388 Bern.
1088 1363 1109 1388 e
1135 1351 1296 1396 Munro)
1311 1351 1474 1398 plenior
1491 1355 1528 1390 et
1545 1352 1703 1397 laveris,
1719 1351 1832 1394 solio,

344 1408 464 1433 senza
489 1396 645 1441 virgola
682 1397 763 1434 alla
799 1397 879 1435 fine
917 1397 980 1435 del
1018 1411 1133 1436 verso
1166 1398 1265 1444 (eice
1299 1399 1399 1438 solio
1423 1399 1537 1437 unito
1563 1411 1587 1436 a
1612 1401 1656 1436 in
1681 1399 1831 1444 medio)-

345 1443 507 1488 Madvig
526 1448 561 1481 et
577 1443 736 1491 frueris
746 1445 844 1483 solio
862 1445 961 1492 ferr.
977 1458 1037 1492 aq.
1057 1448 1073 1464 ‘⁴
1091 1458 1112 1484 e
1130 1446 1207 1483 stai
1225 1447 1252 1483 11
1264 1459 1294 1484 a
1312 1446 1468 1492 goderti
1485 1446 1648 1492 l’aequa
1666 1444 1781 1484 ealda
1797 1475 1813 1492 „
1825 1473 1834 1483 .

346 1492 411 1528 Ma
437 1490 458 1528 ὸ
485 1491 642 1529 difficile
668 1498 847 1530 staceare
871 1495 917 1530 in
943 1495 1069 1531 medio
1095 1493 1145 1531 da
1171 1495 1281 1532 solio.
1313 1494 1381 1532 Sto
1407 1494 1489 1532 alla
1514 1493 1741 1532 conexione
1767 1493 1835 1538 piu

346 1543 464 1576 cauta
491 1538 552 1576 del
579 1539 746 1584 Brieger
777 1541 936 1586 plenior
970 1545 1005 1578 et
1037 1540 1180 1588 fueris,
1203 1541 1466 1580 rinunoiando
1492 1554 1516 1579 a
1541 1541 1786 1580 malinouore
1811 1553 1836 1578 a.

346 1598 427 1623 una
452 1598 524 1623 sua
552 1587 809 1631 precedente:
830 1588 990 1634 plenior
1015 1601 1063 1625 eoe
1089 1589 1226 1635 epulis.
1322 1609 1369 1615 —
1393 1589 1493 1628 solio
1519 1590 1539 1608 “
1560 1588 1634 1627 ehe
1658 1587 1838 1634 propria-

346 1638 478 1671 mente
500 1633 521 1671 e
543 1634 581 1670 la
602 1635 780 1680 seggiola
806 1636 870 1672 nel
897 1636 1041 1682 bagno,
1054 1636 1235 1681 significa
1262 1637 1341 1681 qui,
1362 1649 1473 1675 come
1493 1648 1641 1683 spes-o,
1659 1635 1701 1674 la
1717 1647 1837 1674 vasca

347 1685 486 1731 stessa,
510 1681 583 1719 che
609 1682 647 1719 al
681 1688 812 1728 tempo
840 1682 878 1719 di
913 1683 1029 1720 Lucr.
1057 1695 1125 1720 era
1163 1684 1481 1729 probabilmente
1517 1695 1597 1722 una
1621 1695 1741 1722 vasca
1766 1694 1838 1728 per

347 1740 428 1766 una
454 1729 538 1766 sola
563 1741 744 1774 persona.
772 1729 872 1767 Cels.
902 1730 957 1767 VI
979 1731 1024 1767 26
1050 1731 1072 1767 5
1099 1733 1143 1768 in
1168 1732 1312 1769 solium
1337 1734 1373 1769 is
1399 1744 1525 1779 aquae
1549 1731 1705 1769 calidae
1728 1742 1838 1768 resu-

347 1779 468 1823 pinus
494 1777 755 1814 demittendus
781 1782 861 1823 est;
885 1778 904 1814 1
929 1780 952 1814 4
983 1780 1026 1815 in
1066 1778 1209 1816 solium
1246 1791 1325 1817 non
1360 1779 1613 1822 descendere‚·
1637 1778 1707 1824 pin
1731 1777 1837 1816 tardi

348 1824 490 1862 solium
511 1824 640 1862 indico
663 1837 742 1862 una
768 1825 921 1870 piscina
943 1837 1088 1871 capace
1116 1826 1154 1863 di
1181 1826 1293 1864 molti
1320 1826 1530 1872 bagnanti:
1551 1838 1575 1864 e
1594 1838 1751 1871 neppur
1770 1825 1838 1871 qui

349 1870 370 1908 ὲ·
398 1871 550 1910 escluso
577 1875 716 1917 questo
742 1872 986 1917 significato:
1015 1873 1084 1910 cfr.
1110 1874 1272 1912 Petron.
1305 1878 1380 1911 sat.
1404 1875 1450 1912 92
1476 1875 1584 1912 cirea
1614 1874 1759 1912 solium
1783 1885 1840 1911 se-

350 1918 566 1962 dentibus„
606 1920 760 1957 Munro.
859 1939 901 1945 —-
930 1919 1004 1956 804
1030 1933 1085 1966 sg.
1121 1921 1237 1959 Mss.:
1264 1926 1306 1958 at
1343 1933 1428 1958 cum
1463 1921 1638 1959 membra
1674 1921 1841 1959 domnus

349 1969 520 2013 percepit
537 1967 696 2013 fervida
713 1969 849 2012 servis,
874 1967 971 2005 Tum
996 1968 1042 2014 fit
1067 1969 1164 2006 odor
1181 1971 1269 2006 vini
1280 1969 1428 2015 playae
1443 1967 1671 2006 maotabilie
1690 1970 1837 2006 instar.

349 2014 385 2051 Il
410 2026 526 2059 passo
553 2014 574 2052 e
600 2014 639 2051 di
667 2014 929 2052 incertissima
967 2016 1206 2054 correzione.
1231 2017 1266 2053 ll
1291 2016 1474 2062 Lachm„
1497 2014 1742 2054 intendendo
1767 2015 1840 2053 che

351 2061 383 2098 si
409 2061 587 2099 continui
613 2074 637 2099 a
662 2062 820 2107 parlare
847 2061 953 2100 della
979 2063 1191 2101 carbonum
1216 2066 1286 2107 vis,
1312 2063 1429 2109 legge
1454 2066 1494 2109 (e
1520 2063 1602 2102 cosi
1620 2063 1772 2108 Bern.):
1799 2066 1842 2100 at

352 2121 438 2146 oum
458 2110 631 2146 membra
651 2111 789 2147 domus
805 2110 832 2153 (i
856 2110 971 2147 locali
998 2110 1104 2149 della
1130 2113 1238 2156 casa)
1257 2114 1433 2157 percepit
1457 2110 1654 2158 fervidior
1672 2112 1743 2155 vis,
1760 2114 1842 2147 tum

352 2157 396 2202 fit
417 2157 513 2194 odor
537 2159 586 2194 vi
595 2159 647 2194 ri
670 2160 744 2195 etc.
770 2157 822 2201 (v.
844 2158 967 2202 genit.
989 2160 1071 2195 viri
1090 2157 1130 2195 di
1155 2161 1266 2196 virus
1288 2158 1331 2195 11
1351 2159 1441 2204 4763
1468 2158 1496 2196 il
1520 2160 1634 2196 virus
1653 2156 1675 2196 ὲ
1695 2169 1843 2195 ancora

353 2204 381 2241 11
399 2215 471 2248 gas
489 2203 553 2241 del
571 2204 783 2251 carbone).·‚
800 2217 870 2249 per
887 2204 1059 2242 membra
1076 2206 1212 2243 domus
1230 2206 1300 2244 cfr.
1318 2202 1396 2244 Cic.
1411 2206 1465 2243 ad
1483 2205 1526 2253 Q.
1540 2205 1595 2252 fr.
1607 2205 1672 2252 ΙΙΙ
1691 2206 1723 2252 1,
1735 2205 1758 2242 2
1774 2216 1843 2243 nec

354 2251 495 2288 habere
518 2255 675 2298 poterat
700 2253 891 2290 adiuncta
916 2253 1097 2290 cubicula
1117 2257 1152 2290 et
1169 2253 1364 2291 eiusmodi
1385 2253 1557 2291 membra
1571 2266 1586 2298 ,·
1611 2252 1714 2290 Plin.
1731 2254 1842 2298 epist.

353 2299 394 2335 II
423 2300 464 2335 17
491 2300 768 2337 dormitorium
802 2299 1012 2337 membrum
1044 2300 1081 2337 V
1107 2302 1130 2337 6
1154 2301 1280 2337 multa
1306 2302 1349 2338 in
1376 2300 1449 2338 hac
1473 2300 1670 2347 membra;
1693 2301 1843 2337 atrium

355 2348 474 2383 etiam
500 2359 546 2383 ex
570 2359 676 2385 more
702 2352 893 2394 veterum;
917 2346 1037 2392 Apul.
1063 2351 1148 2384 met.
1167 2347 1230 2384 ΙΙΙ
1249 2349 1296 2385 28
1313 2347 1475 2394 sinyula
1499 2347 1637 2386 domus
1655 2346 1840 2384 membra.

354 2394 387 2430 11
409 2393 552 2431 Munro
583 2394 687 2431 nello
718 2399 842 2432 stesso
869 2397 1065 2432 concetto:
1091 2395 1147 2432 At
1180 2407 1265 2432 cum
1298 2394 1470 2432 membra
1502 2395 1640 2433 domus
1667 2395 1843 2441 percepit

358 2441 542 2487 fermdu’,
561 2443 695 2478 nervis
713 2446 792 2478 tum
809 2442 854 2488 fit
872 2442 968 2480 odor
982 2444 1063 2479 viri
1079 2445 1153 2480 etc.
1169 2445 1249 2486 (ma
1261 2453 1268 2476 :
1280 2441 1463 2488 fervidus
1483 2441 1610 2480 odor?
1625 2453 1648 2479 o
1665 2441 1846 2489 fervidus

356 2488 473 2526 carbo
485 2488 505 2525 ‚9
523 2500 544 2525 e
559 2487 637 2533 pub
650 2489 832 2535 fervidus
853 2488 1076 2533 significare
1104 2491 1119 2508 ‘⁸
1138 2490 1346 2527 bruciante
1363 2493 1432 2534 st).
1450 2489 1485 2526 Il
1498 2489 1661 2535 Madvig
1682 2489 1845 2542 (Adverf

356 2538 470 2573 saria
495 2535 648 2573 Critica
675 2536 724 2582 ΙΙ,
752 2549 786 2580 p.
812 2537 875 2581 27)
901 2537 1170 2581 giustamente
1195 2537 1336 2574 dubita
1361 2548 1404 2574 se
1430 2537 1498 2582 qui
1525 2537 1585 2574 sia
1610 2535 1638 2573 il
1663 2536 1783 2581 luogo
1805 2534 1844 2572 d1

356 2582 528 2620 membra
560 2584 707 2629 domus,
733 2583 883 2621 daeehe
917 2596 996 2621 non
1033 2584 1064 2621 si
1101 2584 1214 2629 parla
1250 2588 1372 2629 punto
1406 2583 1446 2622 di
1471 2583 1715 2622 deserizione
1739 2581 1846 2620 della

357 2642 460 2670 casa,
482 2642 516 2676 e,
536 2643 635 2675 pure
661 2631 919 2676 approvando
945 2633 1027 2668 viri
1049 2644 1120 2676 per
1141 2634 1237 2677 vini,
1262 2634 1420 2669 accetta
1440 2630 1644 2669 un’antiea
1665 2629 1846 2668 emenda-

358 2678 471 2715 zione
486 2678 526 2715 di
540 2678 818 2721 Heinrichsen,
832 2682 874 2715 at
887 2690 972 2716 eum
988 2678 1160 2716 membra
1172 2680 1336 2717 domans
1349 2680 1522 2725 percepit
1535 2677 1693 2725 fervida
1705 2677 1846 2724 febri-3.
1868 2696 1872 2708 ι

357 2724 508 2768 Questa
528 2728 717 2770 proposta
741 2726 779 2763 al
806 2726 970 2771 Brieger
996 2738 1069 2771 par
1094 2726 1215 2764 molto
1241 2726 1515 2772 improbabile,
1535 2737 1560 2763 a
1581 2737 1644 2763 me
1668 2737 1765 2771 pare
1785 2724 1861 2762 in-¹

359 2783 454 2810 vece
481 2773 508 2808 il
535 2773 677 2817 meglio
704 2773 776 2810 che
801 2773 833 2809 si
859 2785 975 2818 possa
1002 2785 1122 2811 cavat·
1155 2773 1260 2812 fuori
1295 2773 1346 2810 da
1380 2774 1462 2819 804,
1486 2784 1552 2811 ma
1576 2772 1741 2811 insieme
1766 2783 1846 2822 11011
