1872 3002
336 180 423 227 204
747 181 834 228 DE
864 181 1095 230 RERUM
1127 181 1403 231 NATURA

365 276 567 335 undique
599 276 668 323 uti
699 277 912 324 tenebras
945 278 1092 325 omnis
1123 278 1396 326 Acherunta
1427 295 1612 328 reamur
1679 326 1682 328 ,

365 339 554 400 liquisse
586 348 629 389 et
662 359 856 401 magnas
889 343 1004 390 caeli
1038 344 1285 403 complesse
1318 361 1538 394 cavernas

367 432 422 438 ——
456 423 598 466 usque
630 408 742 455 adeo
775 413 894 455 tetra
925 409 1186 456 nimborum
1218 415 1349 457 noete
1381 418 1535 458 coorta
1593 438 1595 440 ·

364 471 615 531 inpendent
647 478 776 520 atrae
807 474 1067 522 formidinis
1099 491 1180 522 ora
1211 492 1405 535 superne
1445 504 1490 511 —

263 549 333 586 255
366 554 469 585 cum
502 540 757 587 commoliri
789 545 1036 600 tempestas
1068 541 1266 588 fulmina
1298 547 1491 602 coeptat.

362 609 601 662 praeterea
632 622 848 665 persaepe
880 606 1013 665 niger
1046 623 1224 666 quoque
1257 624 1339 666 pcr
1370 624 1496 656 mare
1527 607 1725 667 nimbus,
1775 632 1783 637 -

362 675 412 716 ut
445 670 558 728 picis
590 687 612 717 e
646 671 770 718 caelo
803 672 1049 719 demissum
1084 673 1270 730 flumen,
1302 674 1350 720 in
1381 674 1530 722 undas

361 733 426 782 sic
458 737 581 784 cadit
613 738 800 785 effertus
831 738 1035 786 tenebris
1067 739 1302 797 procuret
1333 739 1479 786 trahit
1511 742 1660 793 atram
1686 776 1688 778 ψ

359 801 632 850 fulminibus
665 803 910 862 gravidam
943 809 1263 863 tempestatem
1295 809 1433 864 atque
1465 804 1690 864 procellis,

259 875 328 911 ‘260
359 866 558 932 ignibus>
581 885 635 915 ac
667 869 817 916 ventis
851 885 953 916 cum
987 869 1148 928 primis
1181 869 1276 928 ipse
1309 870 1523 929 repletus,
1625 918 1629 922 .

358 934 406 980 in
439 939 563 981 terra
598 951 776 995 quoque
809 940 860 982 ut
892 935 1162 982 horrescant
1195 952 1248 983 ac
1280 940 1403 983 tecta
1434 935 1687 996 requirant.

359 999 424 1046 sic
456 1000 602 1058 igitur
634 1016 799 1059 supera
831 1006 1041 1047 nostrum
1073 1005 1210 1060 caput
1243 1017 1338 1049 esse
1372 1001 1674 1061 putandumst

357 1070 678 1125 tempestatem
713 1067 869 1114 altam.
904 1084 1050 1127 neque
1084 1067 1204 1114 enim
1241 1067 1440 1126 caligine
1473 1072 1606 1116 tanta
1724 1071 1727 1074 ⁴

357 1131 602 1179 obruerent
635 1137 796 1186 terras,
829 1133 922 1179 nisi
954 1132 1250 1180 inaedificata
1282 1149 1476 1192 superne

258 1198 328 1236 265
360 1197 507 1245 multa
539 1198 690 1245 forent
723 1198 881 1245 multis
914 1203 1126 1257 exempto
1158 1198 1318 1246 nubila
1350 1198 1461 1246 sole:

357 1279 439 1310 nec
472 1268 601 1311 tanto
634 1270 817 1323 possent
849 1264 1086 1311 venientes
1119 1264 1376 1323 opprimere
1407 1263 1560 1322 imbri,

356 1328 549 1376 flumina
582 1330 817 1377 abundare
850 1334 900 1376 ut
933 1330 1135 1376 facerent
1169 1345 1444 1390 camposque
1476 1335 1652 1389 natare5

357 1395 395 1441 si
427 1411 518 1442 non
550 1395 774 1443 extructis
807 1395 925 1442 foret
957 1396 1048 1442 alte
1081 1395 1280 1442 nubibus
1313 1395 1482 1443 aether.

356 1461 431 1508 hic
464 1462 610 1520 igitur
642 1462 791 1510 ventiS
824 1466 962 1521 atque
996 1462 1182 1520 ignibus
1215 1463 1370 1509 omnia
1402 1462 1537 1522 plena

323 1653 447 1687 rmzta
475 1651 648 1696 lv'qucisse.
676 1650 797 1688 Tutto
825 1650 1070 1689 s‘accomcda
1107 1663 1227 1688 senza
1266 1651 1394 1689 sforzo
1432 1649 1634 1689 mettendo
1661 1650 1732 1688 253
1759 1661 1818 1695 ες.

323 1700 386 1734 tra
413 1698 625 1742 parentesi.
723 1718 768 1723 -—
794 1698 879 1736 255.
905 1700 1134 1744 commoliri,
1161 1711 1196 1736 v.
1223 1700 1304 1735 242.
1400 1720 1449 1741 ἡ
1473 1698 1549 1734 256
1571 1704 1664 1744 533.
1685 1697 1821 1735 Nera-

322 1750 454 1782 mente
482 1745 640 1783 eodesto
667 1747 925 1783 ammontarsi
950 1746 1052 1785 delle
1072 1747 1169 1783 nubi
1191 1760 1214 1784 a
1238 1745 1389 1792 grande
1415 1746 1570 1784 altezza
1595 1745 1657 1784 sul
1676 1748 1818 1786 >nostro
1867 1750 1872 1751 ⁷

322 1804 420 1837 capo
448 1793 511 1830 noi
537 1805 616 1830 non
643 1793 680 1831 lo
706 1794 911 1839 vediam03
934 1807 998 1831 ma
1025 1795 1062 1832 lo
1088 1794 1269 1832 vediamo
1296 1794 1426 1832 talora
1452 1792 1611 1839 quando
1637 1804 1715 1832 non
1750 1805 1818 1831 av-

321 1841 437 1878 viene
456 1841 516 1878 sul
535 1846 670 1878 nostro
697 1854 813 1886 capo;
842 1854 950 1880 come
970 1841 1128 1887 quando
1147 1855 1184 1887 p.
1205 1854 1256 1880 es.
1277 1841 1384 1879 dalla
1410 1845 1518 1879 terra
1543 1841 1610 1879 noi
1635 1840 1818 1879 vediamo
1870 1887 1872 1889 Ι

321 1900 376 1925 un
402 1901 497 1926 nero
525 1889 667 1926 nembo
706 1902 866 1934 sospeso
904 1890 964 1926 sul
1003 1902 1123 1934 mare,
1149 1894 1262 1927 tanto
1289 1889 1372 1927 alto
1405 1890 1477 1928 che
1504 1901 1602 1934 pare
1638 1900 1719 1926 una
1743 1887 1816 1926 fiu-

322 1948 439 1973 mana
459 1936 497 1973 di
518 1949 612 1981 pece
630 1937 702 1973 che
722 1937 889 1974 calando
909 1937 972 1974 dal
996 1938 1094 1975 eielo
1117 1937 1261 1975 scende
1278 1936 1332 1974 fin
1351 1936 1452 1975 sulle
1470 1936 1585 1975 ende.
1604 1956 1650 1962 —
1667 1935 1817 1980 Questa

320 1985 598 2021 osservazione
625 1983 646 2021 ὸ
675 1984 724 2021 da
751 1986 998 2030 aggiungcre
1025 1997 1048 2022 a
1075 1985 1209 2030 quella
1235 1985 1339 2022 satta
1367 1986 1435 2022 189
1461 1997 1565 2031 sggq
1590 1983 1641 2022 ed
1673 1983 1695 2022 ὸ
1721 1983 1812 2021 anzi

321 2031 520 2075 singolare
547 2032 619 2069 ehe
646 2033 802 2069 manchi
832 2033 924 2077 ogni
947 2033 1152 2070 richiamo.
1180 2032 1287 2070 Vero
1309 2031 1329 2069 e
1351 2032 1424 2070 che
1452 2033 1516 2070 nel
1544 2043 1635 2069 caso
1657 2031 1726 2076 qui
1749 2030 1818 2068 ad-

322 2078 431 2116 dotto
452 2079 515 2116 noi
535 2079 716 2117 vediamo
739 2080 907 2125 qualche
931 2093 1021 2117 cosa
1044 2079 1082 2117 (li
1109 2080 1196 2125 piu:
1219 2092 1298 2117 non
1324 2080 1407 2118 solo
1425 2079 1535 2118 l’alto
1562 2078 1815 2124 sovrapporsi

319 2126 359 2163 di
384 2127 481 2164 nubi
515 2139 538 2163 a
565 2127 673 2173 nubi,
701 2140 764 2164 ma
792 2128 917 2165 anche
943 2129 982 2165 la
1008 2140 1178 2165 nerezza
1205 2128 1269 2165 del
1295 2127 1439 2165 nembo
1465 2139 1486 2165 e
1513 2127 1551 2164 lo
1577 2131 1704 2165 stesso
1728 2126 1816 2164 fab-

320 2174 487 2211 bricarsi
506 2175 569 2212 dei
588 2175 745 2212 fulmini
770 2176 880 2220 (259).
955 2195 998 2200 —
1015 2175 1100 2211 257.
1125 2175 1193 2212 cfr.
1215 2176 1285 2212 426
1300 2187 1321 2212 e
1335 2175 1417 2213 433.
1491 2194 1534 2211 —.-
1551 2173 1638 2210 259.
1652 2174 1817 2218 Munrot

322 2223 339 2239 ‘⁴
361 2226 566 2268 tempestas
601 2223 813 2268 l’insicmc‚
840 2224 1039 2269 procellae
1063 2223 1076 2260 i
1103 2223 1212 2260 venti
1251 2222 1412 2260 furiosi:
1439 2222 1511 2260 cfr.
1539 2221 1704 2259 124293.
1730 2221 1816 2259 Liv.

318 2269 502 2306 XXXIX
530 2271 576 2306 46
603 2272 624 2307 3
652 2274 857 2317 tempestas
896 2283 981 2308 cum
1019 2273 1179 2315 magmis
1210 2271 1399 2316 procellis
1437 2274 1570 2308 coorta
1579 2279 1590 2314 ;
1616 2268 1706 2308 Sen.
1731 2273 1814 2306 nat.

320 2322 466 2363 quaest.
496 2318 530 2354 V
558 2319 602 2354 12
629 2319 650 2354 2
678 2323 712 2355 et
740 2320 910 2364 erumpit
936 2321 978 2355 in-
1006 2323 1160 2355 ventum
1186 2320 1256 2364 qui
1278 2317 1364 2364 fere
1382 2318 1628 2364 procellosus
1653 2319 1719 2354 est.
1737 2343 1754 2360 „
1782 2316 1815 2354 E

319 2365 357 2401 ai
385 2365 461 2402 due
488 2366 647 2402 termini
675 2365 983 2411 corrispondono
1010 2370 1188 2410 appunto
1216 2368 1326 2411 iynes
1351 2377 1372 2402 e
1399 2367 1507 2403 venti
1526 2364 1587 2402 del
1610 2376 1725 2403 verso
1751 2375 1813 2402 so-

319 2416 466 2456 guente
489 2414 570 2451 260.
589 2413 662 2450 che
681 2412 701 2450 ὸ
717 2413 766 2450 da
781 2412 989 2450 intendere
1003 2413 1043 2449 in
1059 2425 1174 2450 senso
1193 2413 1353 2450 causale
1374 2414 1392 2431 “
1408 2425 1518 2450 come
1537 2412 1670 2457 quello
1689 2411 1731 2456 [il
1746 2423 1814 2449 cu-

320 2459 440 2505 mulo]
460 2461 531 2498 che
554 2459 575 2497 e
595 2460 814 2498 oltremodo
833 2461 986 2506 ripieno
1002 2460 1040 2497 di
1059 2461 1175 2498 fuoco
1190 2472 1211 2498 e
1227 2460 1264 2497 di
1277 2462 1397 2498 vento
1413 2487 1451 2504 „.
1525 2480 1572 2485 ——
1587 2459 1676 2497 263.
1692 2459 1815 2497 altam
1864 2479 1872 2511 ,j

319 2519 512 2545 conserva
538 2508 606 2552 qui
632 2508 658 2544 il
686 2521 756 2546 suo
782 2509 918 2546 valore
946 2508 984 2544 cli
1012 2508 1233 2553 participio.
1334 2527 1375 2534 -
1395 2507 1481 2544 266.
1501 2509 1710 2552 venientes,
1726 2505 1813 2544 cioe
1868 2516 1872 2541 τ

317 2555 449 2600 nubes,
471 2555 535 2592 dal
557 2555 728 2593 nubibus
749 2557 847 2601 (268)
875 2557 891 2574 ‘⁴
913 2555 1019 2593 nella
1046 2555 1299 2600 dipendcnte.
1326 2554 1497 2594 secondo
1514 2554 1539 2592 l'
1550 2566 1620 2592 uso
1638 2554 1813 2592 favorito
1867 2556 1872 2603 j

318 2602 357 2638 di
379 2603 572 2640 Lucrezio
590 2630 619 2647 „.
641 2604 691 2640 M.
791 2624 834 2628 —
860 2606 1094 2650 opprimet-⁶²3
1122 2603 1237 2648 l'ogg.
1257 2602 1278 2640 ὸ
1296 2603 1464 2641 lasciato
1491 2601 1813 2647 indeterminato,
1868 2614 1872 2615 ⁷

315 2662 379 2686 ma
406 2651 635 2688 facilmente
661 2651 863 2688 s'intende
906 2656 1050 2697 terras,
1076 2663 1152 2688 non
1191 2653 1305 2688 tanto
1331 2648 1477 2696 perche
1504 2654 1634 2688 terras
1659 2648 1682 2688 ὸ
1702 2647 1813 2686 detto

316 2709 413 2741 poco
441 2710 558 2743 sopra
584 2700 666 2745 264,
692 2702 843 2744 quanto
878 2698 943 2736 dal
969 2699 1198 2742 complesso.
1226 2698 1261 2735 Il
1288 2710 1378 2735 caso
1405 2697 1427 2734 ὸ
1453 2696 1615 2743 dunque
1641 2696 1812 2742 analogo

317 2757 339 2780 a
361 2746 441 2788 286,
461 2745 560 2783 dove
582 2746 672 2783 vedi
694 2746 732 2782 la
760 2749 865 2784 nota.
939 2766 985 2771 —
1006 2746 1091 2781 267.
1112 2758 1232 2792 camp.
1251 2750 1331 2784 nat.
1350 2745 1485 2783 V-488.
1507 2773 1509 2775 v
1561 2765 1604 2770 —
1625 2743 1716 2782 268.
1738 2756 1808 2782 ex-

317 2795 470 2838 tructis,
497 2806 583 2830 mss.
613 2794 654 2830 L.
682 2794 724 2830 B.
754 2795 824 2840 M.;
853 2797 1055 2832 eoetructus
1076 2794 1188 2831 Bkm.
1211 2793 1303 2838 Brg.
1401 2811 1444 2818 -
1470 2791 1652 2830 269-273.
1673 2791 1813 2831 Dimo-
1842 2840 1844 2843 r
