1872 3002
332 187 418 234 228
743 189 829 237 DE
860 190 1091 239 RERUM
1122 191 1399 240 NATURA

260 292 330 329 510
361 281 627 341 dupliciter:
660 299 768 330 nam
799 284 870 332 vis
902 287 1028 333 venti
1061 287 1310 345 contrudit,
1343 291 1389 335 et
1419 287 1521 346 ipsa

360 347 780 405 copia-nimborum
813 351 950 398 turba
981 352 1154 399 maiore
1181 357 1339 399 coacta
1687 395 1689 397 ,
1718 395 1720 397 ,

362 418 509 471 urget,
543 413 596 460 de
629 430 790 473 supero
823 417 1004 474 premit,
1036 433 1090 465 ac
1121 418 1234 465 facit
1267 417 1452 464 effluere
1484 417 1660 466 imbris.

362 483 594 536 praeterea
626 495 728 526 cum
761 487 1001 528 rarescunt
1032 499 1211 542 quoqne
1241 482 1404 529 nubila
1433 482 1584 530 ventis

362 547 442 589 aut
473 543 802 604 dissolvuntur,
833 546 940 594 solis
974 564 1109 606 super
1140 549 1235 595 icta
1265 547 1414 595 calore

260 616 330 653 515
361 607 553 655 mittunt
584 625 791 658 umorem
823 611 1047 670 pluvium,
1079 613 1362 672 stillantque‚
1395 613 1528 673 quasi
1558 613 1660 672 igni
1686 633 1692 636 ·

361 688 464 719 cera
495 690 631 733 super
661 675 810 730 calido
841 677 1078 725 tabescens
1110 678 1256 725 multa
1282 678 1522 738 liquescat.

362 739 440 784 sed
471 755 655 788 vemens
687 742 836 788 imber
868 742 930 800 fit,
964 744 1044 790 ubi
1076 750 1312 792 vementer
1343 750 1539 805 utraque

361 803 519 850 nubila
550 806 596 852 vi
629 806 864 854 cumulata
894 814 1168 867 premuntur
1199 814 1242 856 et
1274 810 1444 868 impete
1475 809 1616 857 venti.

360 873 497 928 atque
528 873 685 917 tenere
718 871 797 918 diu
828 872 1013 930 pluviae
1045 874 1326 934 longumque
1358 875 1530 922 morari

260 942 331 978 520
362 940 652 993 consuerunt,
685 936 766 983 ubi
800 938 946 985 multa
978 939 1157 986 cientur
1188 940 1364 987 semina
1395 955 1636 1000 aquarum,

360 1004 500 1058 atque
526 1000 630 1048 aliis
663 1001 779 1049 aliae
811 1004 956 1050 nubes
988 1004 1224 1064 nimbique
1256 1006 1463 1064 rigantes
1591 1019 1593 1021 ’

362 1064 548 1124 insuper
578 1071 715 1125 atque
747 1069 871 1114 omni
903 1069 1045 1128 vulgo
1077 1070 1132 1117 de
1164 1076 1292 1129 parte
1323 1071 1548 1130 feruntur,

333 1271 507 1316 mittere;
534 1270 677 1309 Munro
706 1284 879 1310 umorem
897 1275 1060 1310 mittere.
1094 1271 1176 1310 Che
1194 1284 1285 1310 cosa
1315 1273 1435 1310 abbia
1461 1274 1600 1312 scritto
1627 1273 1820 1312 Lucrezio

334 1329 412 1354 non
448 1319 480 1354 si
507 1317 585 1363 pub
610 1319 864 1367 indovinare3
891 1322 957 1358 nel
983 1322 1099 1365 gusto
1132 1320 1358 1358 lucreziano
1393 1320 1419 1358 1’
1433 1321 1573 1359 imbris
1599 1321 1638 1359 di
1662 1322 1733 1359 512
1758 1327 1820 1360 sta

333 1365 526 1410 piuttosto
547 1365 588 1403 in
609 1366 747 1405 favore
770 1368 843 1405 che
870 1370 1009 1406 contro
1030 1380 1083 1405 un
1101 1367 1241 1405 imbris
1259 1369 1339 1412 qui.
1435 1388 1481 1393 —
1494 1369 1576 1407 510.
1598 1369 1820 1416 dupliciter,

334 1411 418 1450 6106
444 1425 466 1450 o
493 1412 561 1451 eil
586 1417 707 1452 vento
734 1415 806 1453 che
831 1428 967 1461 preme
995 1428 1014 1453 e
1041 1415 1237 1453 schiaccia
1262 1415 1299 1453 le
1325 1415 1421 1453 nubi
1448 1417 1590 1454 1611116
1616 1421 1754 1455 contro
1779 1417 1820 1454 16

333 1460 446 1502 altre,
473 1472 495 1498 o
522 1459 543 1498 6
564 1461 592 1498 11
613 1462 697 1500 loro
715 1465 841 1501 stesso
862 1475 969 1510 peso,
994 1476 1066 1508 per
1087 1463 1113 1499 il
1137 1475 1237 1508 gran
1260 1464 1424 1501 cumolo.
1524 1484 1568 1491 —
1583 1463 1666 1502 511.
1688 1469 1820 1503 coacta

335 1507 354 1541 6
381 1507 539 1546 difficile
566 1508 749 1547 decidere
775 1523 817 1548 se
853 1510 875 1548 6
901 1524 1003 1549 nom.
1030 1523 1052 1548 o
1080 1510 1222 1555 ablat.;
1249 1511 1319 1548 cfr.
1346 1512 1428 1549 465.
1454 1511 1532 1556 Qui
1551 1511 1775 1565 preferisoo·
1793 1512 1822 1550 il

333 1555 590 1594 nominativo.
689 1578 731 1583 —
764 1558 848 1596 512.
884 1563 1020 1604 meet,-
1057 1559 1248 1596 Lucrezio
1280 1558 1306 1594 l’
1322 1558 1375 1596 ha
1408 1559 1476 1604 qui
1511 1558 1605 1600 nell’
1619 1559 1822 1605 oree‘ch103

334 1603 404 1640 cfr.
421 1604 587 1641 481.588.
615 1603 695 1643 cfr.
713 1606 888 1643 volantes
905 1608 975 1644 484
1003 1607 1104 1651 (451)
1122 1607 1209 1652 6113
1230 1605 1411 1652 refrenat
1428 1607 1510 1652 531,
1535 1606 1711 1654 refrenet
1730 1608 1826 1652 5683

330 1651 499 1696 proinde
526 1652 614 1689 licet
639 1655 816 1698 quamvis
842 1654 1006 1691 601.620.

427 1699 600 1737 513-516.
627 1699 745 1738 Come
773 1701 835 1745 pel
861 1701 1005 1747 lampo,
1031 1701 1070 1738 la
1096 1713 1216 1738 causa
1242 1700 1360 1738 solita
1391 1699 1413 1738 6
1439 1701 1465 1738 il
1500 1701 1691 1747 premersi
1720 1700 1822 1739 delle

334 1746 451 1792 nubi3
478 1759 542 1784 ma
568 1747 697 1785 talora
723 1749 852 1794 piove‚
877 1761 987 1786 come
1013 1748 1250 1794 lampeggia‚
1278 1748 1442 1787 essendo
1468 1749 1505 1786 le
1526 1749 1624 1787 nubi
1647 1760 1766 1787 rarez·
1787 1749 1822 1786 ci

334 1793 428 1832 vuol
463 1793 623 1839 dunque
656 1795 695 1832 la
731 1796 984 1841 spiegazione
1016 1795 1187 1840 analoga
1220 1809 1243 1833 a
1275 1797 1445 1834 214-218.
1542 1815 1595 1822 -’
1613 1801 1823 1835 rarescunt

334 1846 404 1878 aut
426 1842 698 1880 dissolvuntur
723 1847 848 1881 ventis
874 1844 943 1881 cfr.
957 1845 1028 1881 214
1049 1856 1070 1881 e
1091 1844 1161 1881 215
1179 1855 1200 1881 6
1218 1845 1299 1881 216.
1397 1863 1442 1869 -
1461 1843 1542 1882 515.
1567 1844 1822 1899 stillantque;

335 1901 407 1926 con
434 1893 575 1934 questa
602 1891 796 1935 aggiunta
823 1904 846 1928 a
871 1893 970 1928 mitt.
997 1903 1072 1928 um.
1095 1891 1214 1938 pluo„
1238 1891 1332 1929 vuol
1359 1890 1605 1941 distinguere
1624 1891 1823 1942 11306610-

334 1937 418 1974 lare
446 1937 628 1975 diradato
655 1937 694 1975 di
721 1939 849 1983 questi
878 1940 959 1976 casi
985 1938 1092 1976 dalla
1128 1938 1290 1984 pioggia
1324 1939 1592 1986 abbondante,
1629 1952 1650 1977 e
1684 1939 1822 1985 s'apre

334 1984 373 2021 la
398 1984 465 2022 via
490 1985 571 2022 alla
596 1989 788 2030 seguente
814 1986 1087 2031 similitudine,
1113 1986 1185 2023 6116
1212 1998 1289 2024 11011
1317 1998 1431 2024 serve
1457 1986 1541 2025 solo
1574 1998 1646 2032 per
1676 1985 1714 2024 lo
1740 1986 1822 2024 stil—

333 2031 431 2078 lare,
455 2045 521 2069 ma
546 2034 673 2070 anche
699 2046 770 2078 per
796 2034 835 2071 16
861 2045 994 2079 causa,
1029 2033 1109 2071 cosi
1134 2033 1205 2070 che
1231 2046 1302 2078 per
1326 2033 1518 2072 Luerezio
1551 2034 1604 2072 ha
1639 2033 1767 2072 anche
1793 2033 1822 2070 11

335 2079 471 2116 valore
489 2079 528 2116 di
546 2083 778 2126 argomento
795 2093 867 2126 per
884 2081 1083 2126 analogia,
1102 2093 1210 2118 come
1227 2084 1339 2119 tante
1357 2081 1459 2119 altre
1476 2081 1596 2119 volte.
1644 2101 1691 2107 --
1707 2083 1826 2128 quasi

338 2139 428 2164 cera
454 2127 652 2165 tabescens
677 2131 766 2174 iyni
789 2129 919 2167 calido
945 2141 1062 2175 super
1094 2129 1199 2170 (avv.
1227 2141 1336 2166 come
1362 2141 1481 2175 super
1504 2130 1591 2173 514)
1621 2129 1749 2167 multa
1775 2128 1822 2165 li-

335 2179 518 2221 quescat;
542 2176 667 2212 multu
697 2176 713 2191 ‘⁴
736 2177 777 2213 in
804 2176 1067 2214 abbondanza
1087 2203 1118 2222 „.
1216 2195 1262 2201 —
1294 2176 1376 2214 517.
1408 2176 1441 2213 Il
1481 2177 1624 2214 Munro
1658 2176 1821 2214 intende

334 2225 502 2268 utraque
527 2223 788 2260 avverbialm.
815 2235 923 2261 come
949 2223 1008 2261 IV
1029 2225 1099 2269 86;
1123 2235 1186 2260 ma
1207 2222 1334 2261 allora
1355 2223 1426 2262 che
1445 2222 1480 2261 61
1497 2223 1540 2261 fa.
1559 2223 1587 2261 11
1605 2225 1646 2262 vi
1660 2235 1696 2262 v.
1715 2228 1823 2278 sega?

335 2269 372 2306 16
393 2269 490 2306 nubi
509 2271 732 2308 cumulatae
748 2283 910 2317 pesano,
928 2271 1037 2308 sieno
1061 2271 1281 2308 cumulatae
1298 2273 1340 2308 vi
1354 2283 1376 2309 ο
1394 2283 1477 2321 non
1491 2273 1540 2308 vi.
1559 2269 1630 2309 Νὲ
1647 2270 1822 2309 soddisfa

335 2320 444 2354 certo
469 2317 497 2353 il
519 2317 627 2355 dire:
652 2320 693 2356 vi
712 2319 914 2356 cumulata
930 2333 967 2350 =
985 2321 1096 2365 copia
1122 2319 1344 2356 nimborum
1365 2318 1484 2357 turba
1502 2320 1654 2357 maiore
1678 2322 1822 2356 coacta.

334 2363 375 2401 Si
411 2364 577 2402 intenda
605 2370 774 2413 utraque
805 2368 854 2412 vi,
885 2378 959 2404 con
985 2378 1063 2404 non
1098 2377 1228 2403 nuovo
1256 2366 1443 2404 intreccio
1469 2365 1598 2404 ardito
1627 2365 1730 2403 delle
1754 2377 1823 2411 pa·
1869 2412 1872 2416 f

335 2410 436 2448 role:
455 2411 526 2449 ubi
541 2413 681 2450 nubila
701 2418 870 2460 utraque
890 2416 931 2451 vi
939 2417 1180 2460 premuntur
1186 2427 1202 2460 ;
1222 2412 1293 2451 che
1304 2418 1547 2460 premuntur
1567 2413 1769 2451 cumulata
1787 2417 1822 2450 et
1870 2440 1872 2460 2

329 2463 572 2504 premuntur
597 2462 735 2507 impete
755 2463 870 2498 venti.
967 2481 1012 2486 -
1028 2461 1109 2497 519.
1131 2465 1246 2507 utque
1272 2465 1412 2503 tenere,
1438 2472 1510 2498 con
1534 2459 1657 2498 Laeli.
1678 2459 1820 2498 Munro

336 2518 357 2542 e
382 2505 475 2551 Brg.
501 2520 574 2552 per
599 2520 688 2545 mss.
715 2512 757 2546 at
781 2511 970 2546 retineret
979 2522 994 2554 ,·
1018 2508 1136 2545 Bern.
1159 2512 1201 2545 at
1220 2520 1434 2546 remanere.
1456 2507 1536 2546 cfr.
1557 2508 1644 2546 Liv.
1663 2507 1820 2550 XXIII,
1869 2519 1872 2539 1

336 2554 383 2589 44
409 2554 534 2592 imber
554 2558 758 2593 continens
775 2568 848 2602 per
867 2560 1014 2593 noctem
1045 2559 1163 2593 totam
1186 2567 1305 2602 usque
1326 2556 1379 2593 ael
1398 2556 1538 2594 horam
1562 2557 1721 2594 tertiam
1742 2555 1825 2592 diei
1868 2558 1872 2606 ξ

336 2603 578 2648 insequentis
605 2605 754 2648 tenuit;
778 2603 920 2641 XXIV
937 2604 981 2640 47
1010 2603 1156 2640 Romae
1180 2602 1339 2648 foedum
1373 2604 1600 2641 incendium
1623 2615 1695 2649 per
1719 2603 1822 2640 duas
1867 2611 1872 2652 ij

335 2653 464 2686 noctes
490 2662 536 2687 ac
561 2651 662 2688 diem
693 2663 816 2688 unum
846 2653 972 2688 tenuit
981 2664 995 2696 ;
1020 2650 1062 2687 II
1091 2652 1112 2687 3
1133 2662 1210 2696 per
1235 2650 1388 2698 aliquot
1407 2650 1490 2688 dies
1515 2661 1560 2688 ea
1586 2650 1821 2688 consultatio
1868 2655 1872 2671 ⁴

337 2698 472 2743 tenuit,
494 2702 568 2735 etc.
666 2717 707 2722 —
728 2698 813 2734 521.
834 2698 974 2736 Anche
997 2698 1064 2743 qui
1085 2709 1166 2735 una
1188 2700 1297 2735 certa
1318 2697 1578 2742 disposizione
1599 2697 1764 2736 confusa
1782 2696 1822 2734 di
1856 2705 1872 2745 g

336 2744 485 2788 parole,
510 2745 614 2782 satta
635 2746 972 2791 appositamente3
999 2744 1147 2782 unisci:
1174 2745 1271 2782 aliis
1295 2745 1402 2782 aliae
1426 2747 1602 2792 insuper.
1699 2763 1744 2770 —
1761 2746 1822 2782 in·
1844 2745 1872 2816 l}

336 2802 464 2837 super,
501 2794 808 2839 naturalmente,
836 2805 907 2831 con
941 2796 1119 2839 riqantes
1150 2804 1171 2830 e
1197 2804 1269 2830 con
1295 2791 1497 2839 feruntur.
1595 2812 1637 2818 -—
1659 2794 1822 2839 insuper
1854 2802 1872 2847 ᾖ,

1851 2849 1872 3002 Ξ
