1872 3002
321 151 408 201 270
738 154 824 205 DE
855 158 1087 208 RERUM
1117 157 1394 207 NATURA

349 250 419 296 vis
452 267 533 309 per
564 268 731 311 aquam
764 254 918 303 subito
950 272 1221 315 sursumque
1253 272 1306 303 ea
1337 254 1587 302 conciliari.

247 325 318 361 890
350 315 471 373 quod
502 333 648 374 genus
680 319 795 366 endo
827 321 990 368 marist
1020 322 1171 368 Aradi
1203 321 1319 379 fons,
1352 319 1500 368 dulcis
1532 317 1672 379 aquai

347 380 427 438 qui
459 382 595 428 scatit
627 388 672 430 et
703 384 849 432 salsas
880 386 1054 433 circum
1086 403 1133 434 se
1164 387 1367 434 dimovet
1398 384 1565 432 undas:

345 449 390 491 ct
423 445 581 493 multis
614 447 718 495 aliis
751 451 938 508 praebet
970 451 1240 510 regionibus
1272 466 1442 510 aequor

344 508 594 558 utilitatem
627 518 933 571 opportunam
967 516 1219 564 sitientibu’
1253 516 1422 573 nautis,

344 575 465 632 quod
497 575 644 625 dulcis
675 578 796 626 inter
827 580 971 628 salsas
1003 582 1270 629 intervomit
1302 581 1463 628 undas.

241 650 311 686 895
344 640 409 686 sic
440 640 587 699 igitur
617 647 835 702 pergeum
870 653 1060 705 possunt
1092 664 1330 707 erumpere
1362 647 1535 694 fontem

341 709 385 751 et
409 711 591 754 scatere
622 708 705 756 illa
739 710 863 759 foras
894 712 942 758 in
975 717 1188 772 stuppam
1222 713 1415 770 semina3
1449 727 1538 772 quo
1570 726 1671 758 cum

342 772 622 821 conveniunt
654 780 734 822 aut
766 777 815 823 in
848 778 1002 824 taedai
1037 794 1224 837 corpore
1257 778 1523 831 adhaerent,

339 836 585 885 ardescunt
617 839 751 887 facile
783 843 1028 902 extemplo,
1061 845 1170 902 quia
1204 843 1348 890 multa
1379 858 1559 902 quoque
1589 842 1640 890 in
1671 858 1719 891 se

339 903 515 950 semina
547 903 719 952 habent
751 906 874 965 ignis
908 913 1102 967 stuppae
1134 908 1386 968 taedaeque
1417 906 1622 954 latentis.

237 976 306 1011 900
338 982 487 1015 nonne
520 969 648 1016 vides
681 970 835 1030 etiam,
869 978 1094 1020 nocturna
1125 973 1183 1021 ad
1216 973 1395 1020 lumina
1425 972 1570 1020 linum

305 1139 376 1176 che
401 1151 497 1178 sono
525 1141 758 1189 nell'acqua‚
776 1156 797 1181 e
816 1143 879 1181 dei
900 1144 1008 1183 molti
1032 1145 1104 1183 che
1125 1156 1221 1182 sono
1248 1144 1354 1182 nella
1379 1148 1488 1183 terra
1513 1146 1639 1182 stessa
1659 1143 1712 1182 da
1731 1144 1795 1183 eui

304 1186 460 1232 l’aoqua
472 1189 589 1227 viene
603 1190 709 1228 fuori
722 1191 944 1237 all’aperto,
958 1205 979 1230 e
993 1193 1065 1230 che
1082 1193 1248 1230 insieme
1262 1191 1480 1237 coll'acqua
1495 1194 1622 1230 stessa
1636 1203 1793 1238 {engen

303 1234 407 1272 fuori
422 1234 650 1284 all’apert03
670 1251 740 1283 per
755 1240 914 1284 spiegar
928 1241 993 1285 poi
1007 1252 1115 1278 come
1130 1241 1208 1278 essi
1221 1251 1299 1278 non
1316 1240 1465 1278 restino
1483 1239 1717 1286 nell’aoqua‚
1730 1252 1794 1278 ma

304 1294 351 1319 ne
369 1294 513 1322 escano
532 1296 555 1322 a
575 1285 768 1330 produrre
796 1287 823 1324 il
848 1288 1059 1326 fenomeno
1078 1289 1150 1326 che
1176 1288 1198 1325 ὸ
1216 1288 1284 1332 qui
1301 1287 1352 1324 da
1372 1287 1567 1332 spiegare,
1592 1287 1792 1333 aggiunge

303 1329 375 1367 che
394 1329 545 1385 &euna
558 1333 668 1370 forza
682 1334 754 1371 che
769 1334 795 1372 li
809 1336 950 1380 spinge
964 1336 1005 1372 in
1019 1348 1066 1373 su
1079 1339 1306 1373 attraverso
1320 1334 1476 1380 l’aequa
1492 1347 1513 1372 e
1526 1334 1579 1372 ad
1592 1347 1792 1380 erumpere

303 1377 392 1432 fuor
419 1378 458 1415 d1
479 1391 568 1418 essa
585 1382 709 1425 (come
728 1382 768 1419 in
787 1385 967 1427 colonna‚
989 1384 1093 1421 ossia
1111 1383 1204 1420 tutti
1223 1383 1251 1420 li
1269 1382 1381 1420 dov’e
1399 1382 1438 1419 la
1456 1383 1579 1428 fonte,
1594 1395 1616 1420 e
1634 1394 1712 1421 non
1732 1395 1792 1421 se·

299 1425 491 1480 guitando
520 1427 719 1467 l'ulterior
748 1442 858 1468 corso
888 1430 1141 1476 dell'acqua),
1170 1443 1203 1476 e,
1227 1430 1343 1468 usciti
1372 1431 1463 1469 fuor
1494 1429 1735 1476 delraoqua,
1767 1442 1792 1468 a

300 1474 598 1512 conclliarsi
634 1476 675 1513 in
712 1477 840 1515 fuoco.
878 1478 910 1515 Ε
944 1479 1025 1517 cosi
1057 1479 1230 1516 soltanto
1265 1478 1297 1515 si
1331 1478 1487 1523 capisce
1523 1477 1552 1517 il
1587 1490 1790 1524 paragone

299 1520 370 1557 che
396 1532 530 1566 segue.
557 1522 638 1560 Che
658 1524 682 1560 il
702 1537 905 1570 paragone
930 1538 1009 1564 non
1028 1525 1049 1564 ὸ
1067 1532 1129 1564 tra
1145 1525 1239 1572 fons
1256 1538 1277 1562 e
1303 1524 1407 1571 fons,
1432 1538 1496 1563 ma
1521 1527 1585 1563 tra
1608 1525 1637 1563 il
1663 1524 1789 1567 modo,

299 1580 318 1603 e
345 1568 384 1604 la
410 1569 532 1616 forza,
559 1583 629 1615 per
654 1573 718 1609 cui
744 1574 891 1610 codesti
917 1576 1069 1612 semina
1093 1575 1212 1620 ionis,
1238 1573 1288 1610 da
1318 1586 1398 1611 una
1428 1575 1555 1619 parte,
1583 1585 1605 1610 e
1633 1572 1790 1618 l’aoqua

298 1614 408 1653 dolce
443 1616 507 1655 del
543 1618 635 1664 fons
670 1620 818 1667 Aradi,
850 1621 1068 1667 dall’ultra,
1103 1633 1259 1666 vengon
1297 1633 1344 1658 su
1380 1623 1604 1658 atti-averso
1639 1632 1662 1658 e
1698 1619 1788 1659 fuor

297 1662 534 1710 dall'acqua
562 1667 800 1705 circostante
831 1669 972 1712 [anche
1006 1669 1045 1706 la
1072 1669 1181 1707 fonte
1208 1667 1243 1707 d'
1259 1680 1387 1713 acqua
1421 1668 1533 1706 dolce
1565 1668 1605 1705 la
1623 1667 1663 1705 *si
1687 1667 1787 1706 vede

296 1714 444 1749 scatere
469 1713 587 1751 alcun
620 1727 718 1760 poco
756 1728 874 1761 sopra
910 1717 937 1754 il
960 1717 1096 1754 livello
1128 1716 1351 1760 dell'acqua
1384 1716 1640 1760 circostante3
1673 1713 1696 1753 ὁ
1728 1715 1788 1754 cio

296 1758 368 1795 che
394 1759 480 1798 dice
506 1761 534 1798 il
560 1775 597 1799 v.
624 1764 691 1800 891
720 1775 741 1801 e
763 1764 790 1800 il
817 1764 1030 1803 bellissimo
1058 1765 1282 1802 intervomit
1313 1764 1411 1808 8941.
1503 1783 1542 1789 -
1569 1762 1660 1800 89⁰.
1685 1764 1787 1811 quod

294 1818 418 1861 ³¹!sz
453 1809 469 1825 “
489 1810 726 1848 similmente
751 1825 790 1858 „;
821 1812 1001 1850 un'altra
1038 1812 1285 1857 espressione
1322 1812 1532 1856 frequente
1556 1810 1634 1848 snei
1670 1811 1787 1856 primi

295 1853 405 1908 [lbrlf
423 1869 443 1894 e
463 1858 530 1902 poi
557 1870 665 1896 come
692 1859 962 1905 dimenticata,
988 1873 1008 1898 e
1035 1860 1231 1897 ritornata
1257 1859 1384 1904 quiin
1405 1870 1539 1897 onore.
1612 1877 1656 1883 —
1675 1859 1786 1904 endo,

294 1903 422 1941 torma
448 1906 605 1943 areaica
630 1919 701 1951 per
727 1909 783 1952 in,
805 1919 914 1945 come
936 1909 1037 1945 indu
1055 1907 1096 1944 11
1115 1908 1218 1953 1095,
1239 1907 1272 1944 V
1293 1907 1372 1944 102.
1390 1907 1450 1944 La
1470 1906 1785 1951 commuuione,

294 1947 356 1987 del
382 1957 500 1998 resto,
519 1954 570 1990 ha
596 1954 723 1991 anche
745 1954 783 1992 lo
805 1967 922 2000 scopo
949 1955 988 1992 di
1013 1956 1114 1992 tirar
1140 1955 1208 2000 qui
1234 1954 1375 1992 dentro
1401 1954 1440 1991 la
1465 1953 1717 1999 spiegazione
1743 1953 1783 1990 di

293 2008 346 2035 un
371 1999 476 2038 altro
510 2001 721 2040 fenomeno
748 2003 961 2048 singolare,
987 2003 1026 2040 la
1052 2003 1115 2040 eui
1140 2002 1394 2048 spiegazione
1430 2002 1483 2039 ha
1520 1999 1673 2040 affinita
1709 2012 1783 2039 con

292 2047 426 2087 quella
449 2048 512 2085 del
539 2049 642 2087 fatto
668 2050 918 2095 precedente.
945 2051 1021 2095 Qui
1046 2051 1078 2087 si
1105 2053 1230 2088 tratta
1256 2049 1295 2086 di
1321 2061 1449 2094 acqua
1466 2049 1580 2087 dolce
1597 2048 1681 2091 che,
1698 2060 1782 2086 sca-

293 2095 460 2133 turendo
479 2096 545 2133 dal
564 2097 683 2134 fondo
710 2097 773 2135 del
800 2110 908 2136 mare
934 2099 976 2135 in
1003 2110 1122 2144 mare,
1148 2110 1227 2135 non
1245 2099 1278 2135 si
1297 2096 1480 2142 disperde
1497 2095 1700 2141 entr’esno,
1718 2108 1781 2134 ma

292 2155 371 2180 una
396 2146 465 2186 vis,
488 2145 582 2189 qual
609 2145 750 2182 ch’ella
775 2145 846 2192 sia,
867 2147 906 2183 la
932 2145 1071 2191 spinge
1093 2158 1117 2182 a
1138 2145 1350 2183 continuat
1370 2144 1408 2181 la
1434 2156 1507 2182 sua
1533 2155 1645 2182 corsa.
1670 2142 1712 2180 in
1734 2155 1782 2181 su

290 2194 514 2229 attraverso
533 2188 688 2237 l²aequa
706 2194 870 2230 marina.
968 2214 1013 2219 —-
1034 2196 1179 2230 marist
1199 2193 1336 2230 Aradi
1351 2191 1454 2238 fons,
1471 2191 1600 2237 prima
1615 2190 1644 2229 il
1661 2191 1780 2228 Bern.

290 2238 348 2275 (in
373 2251 426 2275 un
462 2251 533 2277 suo
560 2240 726 2278 articolo
753 2240 953 2279 anteriore
980 2240 1234 2278 all’edizione
1261 2239 1616 2284 delffLachmannL
1640 2237 1777 2283 quindi

289 2285 408 2323 Lach.
434 2287 576 2325 Munro
602 2287 693 2333 Brg.
725 2300 796 2333 per
833 2301 922 2326 mss.
948 2290 1074 2326 maris
1108 2292 1230 2333 parat
1267 2286 1386 2334 fons;
1412 2285 1728 2324 l'emendaziouc
1757 2284 1779 2323 ὸ

288 2334 430 2378 sicura,
452 2334 596 2379 perche
619 2339 731 2373 tanto
757 2335 781 2372 l'
797 2335 978 2381 Oblongo
1004 2335 1127 2380 ehefil
1154 2334 1358 2380 Quadrato
1385 2334 1519 2372 hanno
1545 2333 1613 2378 qui
1639 2338 1778 2379 questo

288 2381 400 2418 titolo
428 2381 466 2419 di
493 2383 685 2427 capitolo:
716 2382 793 2420 “de
819 2383 928 2429 fonte
955 2385 1078 2421 aradi
1103 2385 1146 2420 in
1174 2395 1331 2428 mare„.
1351 2382 1454 2419 Plin-
1479 2381 1521 2419 11
1545 2381 1614 2419 227
1649 2380 1778 2419 dulcis

288 2428 454 2466 haustus
473 2431 517 2466 in
539 2433 648 2467 mari
665 2431 856 2477 plurimis
881 2432 976 2469 locis
997 2435 1040 2468 ut
1064 2431 1130 2475 adi
1146 2430 1403 2468 Chelidonias
1424 2428 1584 2467 insulas
1611 2431 1647 2465 et
1669 2429 1777 2466 Ara·

286 2476 378 2512 dum
398 2481 434 2513 et
458 2479 504 2514 in
532 2478 734 2515 Gadit‘mo
767 2491 918 2516 oceano.
944 2478 998 2516 Oe
1024 2478 1061 2515 n’
1077 2477 1097 2515 e
1136 2478 1262 2515 anche
1295 2477 1361 2514 nel
1399 2489 1508 2514 mare
1534 2475 1574 2514 di
1599 2474 1774 2521 Oeylam

286 2534 365 2560 una
391 2524 517 2562 anche
543 2525 609 2563 nel
630 2526 737 2570 golfo
768 2526 873 2564 della
891 2526 1042 2571 Spezia.
1118 2546 1162 2551 —
1182 2526 1268 2563 896.
1290 2537 1364 2572 quo
1384 2536 1456 2570 per
1483 2535 1572 2561 mss.
1592 2535 1673 2570 que
1699 2534 1773 2561 con

285 2570 405 2608 Lach.
429 2572 546 2609 Bern.
566 2585 587 2610 e
606 2573 718 2618 Brg.;
745 2574 815 2610 cfr.
835 2587 870 2611 v.
893 2586 949 2618 sg.
971 2578 1040 2610 aut
1058 2575 1101 2610 in
1121 2574 1257 2611 taedai
1279 2585 1380 2619 corp.
1398 2571 1560 2610 adhaer.
1576 2570 1612 2609 ΙΙ
1628 2569 1772 2608 Munro

285 2630 407 2665 quae;
432 2620 504 2657 che
531 2633 572 2658 se
599 2620 620 2659 ὸ
646 2622 789 2667 gimo,
815 2621 941 2659 allora
979 2621 1147 2666 bisogna
1182 2619 1389 2658 intendere
1427 2619 1660 2657 conveniunt
1694 2629 1772 2672 non

288 2665 384 2703 “fra
418 2666 457 2704 di
490 2668 609 2712 loro„
648 2681 712 2706 ma
750 2669 852 2707 colla
888 2672 1042 2715 stoppa,
1079 2669 1183 2706 ossia
1220 2667 1324 2712 cogli
1361 2666 1483 2705 atomi
1520 2665 1699 2710 ignigeni
1732 2663 1771 2702 d1

283 2716 436 2756 questa.
487 2735 532 2741 —
545 2715 631 2753 899.
647 2717 807 2754 latentis
824 2716 929 2754 bella
945 2716 1224 2754 emendazione
1239 2715 1302 2752 del
1320 2715 1438 2753 Bern.
1456 2713 1614 2768 (Mu-nro
1627 2724 1650 2750 ο
1663 2711 1771 2767 ἣτε.)

282 2772 354 2807 per
381 2774 468 2800 mss.
496 2767 688 2813 tenentes;
711 2764 738 2801 il
764 2764 884 2802 Lach.
912 2768 1089 2810 tepentes.
1189 2782 1230 2790 -
1256 2762 1343 2799 900.
1368 2761 1476 2800 Nota.
1499 2761 1524 2798 1·
1535 2761 1769 2798 mtreemata
