1872 3002
526 190 530 196 .
555 144 754 194 LIBER
784 145 856 194 IV
889 147 1089 196 550-578
1492 146 1580 194 215

87 253 147 301 aef‘·
180 256 303 307 quae
330 259 439 305 pars
470 258 639 291 vocum
670 259 764 291 non
795 243 922 292 auris
953 243 1120 291 incidit
1150 243 1289 302 ipsas,

82 304 384 375 pusterlam
414 307 535 370 perit
565 308 741 356 frustra
772 309 944 357 diflusa
976 326 1057 369 per
1088 325 1248 357 auras:

80 383 123 417 *22
144 383 213 425 rs
241 374 402 424 solidis
433 374 582 423 adlisa
613 374 726 423 locis
758 375 930 423 reiecta
961 392 1174 424 sonorem

86 440 255 497 rioddit
285 445 332 490 et
361 441 596 490 interdum
630 441 883 490 frustratur
914 442 1121 502 imagine
1152 442 1298 490 verbi,

145 529 151 551 v
175 530 215 553 ;.·,
250 508 367 557 bene
399 524 504 556 cum
535 507 710 565 videas,
742 508 974 556 rationem
1005 509 1196 557 reddere
1229 508 1376 569 possis

78 578 200 624 ⁷2²2&
229 574 317 623 tibi
347 579 488 636 atque
521 573 642 632 aliis,
679 591 770 635 quo
802 579 938 635 pacto
971 591 1052 635 per
1084 575 1186 623 loca
1218 574 1317 623 sola

78 608 138 691 ἐξ
167 655 217 688 a
246 639 373 702 paris
403 639 579 688 formas
611 641 860 688 verborum
892 657 951 688 ex
983 641 1143 689 ordine
1175 640 1387 699 reddant,

83 705 302 760 *lautis
334 706 524 755 comites
557 722 663 754 cum
695 706 867 766 montis
901 706 1022 754 inter
1053 723 1221 767 opacos

81 772 368 845 Quaerimus
399 777 445 820 et
475 788 652 832 magna
683 772 913 832 dispersos
946 789 1058 820 voce
1090 773 1278 820 ciemus.

83 837 355 901 &tetiam
386 843 469 886 aut
500 842 676 898 septem
708 839 810 886 loca
841 838 941 886 vidi
972 839 1166 886 reddere
1197 854 1347 898 voces,

83 903 243 955 'sam
274 920 380 952 cum
412 904 609 952 iaceres:
641 905 710 952 ita
743 904 882 953 colles
915 904 1110 953 collibus
1141 905 1232 964 ipsi

156 970 241 1019 rba
270 969 561 1031 repulsantes
592 971 828 1018 iterabant
861 970 986 1018 dicta
1017 971 1195 1018 referri.

95 1051 216 1084 mec
245 1035 348 1084 loca
378 1035 646 1097 capripedes
676 1041 858 1097 satyros
890 1036 1213 1098 nymphasque
1245 1041 1400 1085 tenere

94 1239 97 1241 ’
128 1244 217 1282 uta.
241 1241 464 1287 materiale.
563 1259 610 1266 —-
630 1239 717 1278 566.
751 1252 871 1278 aures
895 1240 1052 1285 incidit,
1090 1240 1343 1278 costruzione
1374 1253 1481 1287 rara,
1507 1253 1573 1279 ma

176 1289 372 1330 inaudita.
468 1309 516 1314 —
535 1287 626 1326 568.
647 1288 922 1334 Quantunque
949 1289 977 1326 il
999 1289 1233 1327 Lachmann
1262 1289 1372 1327 dica:
1404 1290 1423 1307 “
1437 1290 1579 1334 nequis

20 1353 26 1376 ι
86 1343 179 1381 ffisse
209 1337 432 1384 coniungat
467 1337 611 1376 solidis
637 1337 734 1375 locis
757 1366 773 1382 „
810 1337 901 1375 levo
928 1337 989 1375 col
1015 1337 1161 1375 Munro
1188 1350 1209 1375 e
1234 1337 1405 1382 Brieger
1436 1337 1475 1375 le
1501 1337 1579 1376 due

20 1377 25 1448 l
83 1391 119 1434 »ᾗ
143 1386 227 1429 ole
252 1390 317 1427 tra
342 1386 407 1425 cui
434 1385 515 1432 egli
540 1397 562 1423 e
587 1384 617 1423 il
637 1385 820 1430 Bernays
843 1387 1020 1423 mettono
1042 1385 1186 1424 solidis
1212 1386 1359 1424 adlisa.
1385 1386 1580 1424 Lucrezio

20 1449 24 1461 ³
83 1435 355 1479 ssievemente
379 1434 420 1472 in
447 1433 603 1479 difetto,
630 1445 710 1471 non
735 1433 995 1471 accennando
1017 1433 1099 1471 alla
1126 1433 1359 1472 condizione
1386 1433 1492 1472 della
1518 1447 1583 1472 su-

81 1478 87 1489 *
108 1503 126 1513 -·
155 1483 235 1523 cie
251 1485 396 1530 pinna·
421 1482 451 1520 il
472 1481 615 1520 difetto
637 1482 671 1519 si
691 1484 806 1520 sente
828 1481 869 1519 di
888 1481 959 1527 pin
980 1482 1040 1520 eol
1067 1482 1138 1527 piu
1158 1483 1346 1526 gcnerico
1365 1494 1388 1520 e
1405 1485 1578 1521 astratto

73 1532 84 1580 s
103 1536 110 1541 ’
130 1532 215 1579 ida,
235 1512 408 1571 -anziche
433 1542 508 1569 con
533 1529 666 1568 solida
692 1530 789 1568 loca.
815 1529 914 1579 Dice
942 1530 969 1567 il
990 1530 1225 1568 Lachmann
1247 1530 1320 1568 che
1342 1530 1473 1568 solida
1496 1530 1582 1569 loca

100 1589 104 1615 ἱ
128 1579 230 1626 >agni
247 1579 382 1624 solidi)
401 1591 482 1617 non
500 1578 534 1616 si
551 1577 630 1623 pub
647 1577 750 1621 dire;
771 1577 792 1616 e
810 1578 838 1615 il
857 1590 950 1615 caso
970 1578 1008 1616 di
1024 1578 1280 1624 rispondere:
1303 1590 1368 1616 ma
1385 1578 1580 1617 Lucrezio

174 1627 300 1667 detto.
313 1627 491 1675 Bisogna
506 1639 690 1673 pensare,
703 1638 782 1664 non
799 1639 823 1664 a
838 1626 976 1671 luoghi
991 1626 1131 1672 chiusi‚
1150 1638 1260 1665 come
1278 1627 1292 1664 i
1309 1627 1434 1665 nostri
1447 1627 1581 1673 teatri,

83 1719 106 1721 ⁷
142 1679 184 1715 ‘a
203 1676 354 1723 piazze.
371 1676 432 1714 La
451 1687 551 1714 voce
571 1687 644 1722 per
665 1674 706 1712 di
727 1687 845 1720 sopra
871 1686 893 1712 e
920 1687 992 1720 per
1017 1674 1140 1713 molte
1166 1675 1274 1721 parti
1297 1677 1403 1722 perit
1429 1674 1583 1722 diffusa

20 1714 25 1810 ι
162 1736 312 1772 auram
336 1735 403 1762 ma
421 1723 639 1769 ne'luoghi
661 1722 763 1761 dove
782 1724 966 1761 incontra
985 1735 1088 1770 case,
1110 1736 1188 1761 ecc.
1286 1743 1333 1749 —
1356 1723 1445 1759 569.
1462 1725 1583 1770 imaq.

86 1776 119 1785 “’
147 1774 191 1812 ι’.
216 1772 258 1812 Si
292 1784 338 1811 sa
362 1771 437 1811 che
465 1771 482 1788 ‘⁴
503 1784 574 1810 eco
593 1801 611 1817 „
637 1771 679 1808 in
705 1771 832 1809 latino
860 1770 882 1809 e
908 1773 1012 1809 vocis
1029 1774 1179 1819 ⁴imam,
1205 1783 1228 1810 o
1254 1771 1581 1817 semplicemente

20 1817 25 1843 ¹
107 1839 170 1863 ,xrs
188 1838 214 1860 .
236 1820 335 1860 Hor.
358 1822 491 1859 iocosa
514 1819 704 1858 Vaticani
726 1821 874 1858 montis
899 1822 1040 1866 imayo.
1068 1819 1148 1858 Cic.
1168 1820 1260 1858 laus
1286 1819 1476 1858 bonorum
1501 1822 1582 1858 vir-

20 1848 26 1946 Ι
117 1870 152 1880 '⁰
168 1873 339 1911 resonat
357 1872 560 1916 tamquam
585 1870 729 1914 imayo.
750 1888 797 1894 —-
818 1868 895 1906 Del
916 1873 1023 1906 resto
1049 1868 1118 1913 qui
1149 1867 1338 1906 Lucrezio
1361 1880 1440 1906 non
1461 1868 1579 1914 parla

99 1918 134 1962 Ἴ,
154 1917 237 1959 ’cco
261 1917 304 1955 in
329 1929 479 1963 genere
502 1937 550 1942 —
575 1914 649 1955 che
674 1927 755 1954 non
790 1916 969 1954 avrebbe
998 1928 1099 1962 sugo
1134 1916 1163 1954 il
1190 1917 1447 1955 continuare:
1481 1929 1580 1964 quae

8 1984 9 2012 ι
156 1994 161 1999 ,
185 1977 273 2004 cum
293 1966 430 2004 videas
449 1964 580 2011 potrai
602 1964 781 2003 renderti
799 1964 963 2010 ragione
978 1984 1025 1990 -—
1040 1965 1079 2002 di
1098 1965 1171 2003 che
1194 1970 1313 2003 cosa?
1334 1976 1483 2003 ancora
1504 1964 1583 2003 del-

203 2013 270 2053 ΗΒ,
286 2013 400 2052 detto
417 2012 457 2051 di
474 2013 612 2059 piazze
630 2025 651 2051 e
672 2012 712 2050 di
734 2013 896 2058 preconi
918 2025 939 2051 e
961 2013 1124 2058 oratori,
1145 2013 1184 2050 le
1205 2013 1269 2051 cui
1290 2014 1430 2059 parole
1454 2025 1581 2053 erano

141 2073 205 2107 ra
225 2061 464 2108 echeggiate
486 2060 537 2099 da
563 2060 734 2106 qualche
756 2060 912 2099 edificio
932 2062 1034 2105 (loca
1055 2061 1222 2103 solida):
1248 2061 1289 2098 in
1312 2063 1454 2107 questo
1477 2073 1582 2107 caso,

84 2109 237 2163 gns-nde
259 2110 464 2153 Lucrezio,
489 2113 535 2147 tu
555 2109 647 2147 vedi
668 2109 770 2147 bene
793 2108 866 2147 che
893 2109 926 2147 si
953 2112 1079 2147 tratta
1106 2109 1146 2147 di
1171 2109 1358 2155 semplice
1385 2111 1582 2154 riperens-

118 2163 147 2193 ΰι,
161 2171 184 2201 e
201 2157 308 2196 della
325 2169 424 2197 voce
441 2157 507 2196 del
524 2157 750 2203 gridatore3
770 2157 933 2203 dunque
951 2170 993 2196 se
1012 2170 1084 2203 per
1102 2158 1187 2196 loca
1204 2158 1290 2196 sola
1312 2158 1416 2195 senti
1435 2157 1473 2195 le
1492 2158 1583 2203 rupi

195 2219 239 2246 re
257 2218 376 2252 voces,
396 2218 477 2244 non
496 2205 799 2251 t’immaginare
821 2206 895 2244 che
916 2206 951 2244 ci
973 2206 1033 2243 sia
1056 2206 1228 2251 qualche
1250 2206 1374 2244 fauno
1396 2217 1581 2244 nascosw

79 2256 89 2277 Ψ
119 2266 133 2274 ’·
157 2253 301 2294 rlone.
374 2274 422 2281 —
441 2254 532 2292 570.
551 2266 637 2292 cum
654 2255 790 2292 videas
807 2267 854 2287 =
873 2256 912 2292 si
927 2255 1074 2292 videas.
1096 2255 1166 2292 cfr.
1185 2255 1243 2292 82.
1317 2274 1364 2279 —
1389 2254 1470 2291 573.
1493 2266 1584 2301 opa-

144 2316 162 2352 ‚·
182 2301 272 2342 eice
297 2302 454 2342 selvosi.
539 2323 587 2328 -
611 2302 692 2340 576.
718 2304 823 2349 ipsi:
848 2303 903 2348 gli
930 2303 1048 2341 stessi
1070 2303 1327 2349 echeggianti
1349 2314 1580 2348 provocano

138 2360 142 2364 ’
206 2388 211 2391 ,
292 2371 341 2377 -
363 2351 444 2388 577.
477 2350 625 2389 Contro
660 2351 757 2388 tutti
791 2363 859 2389 oso
886 2353 1120 2389 mantenere
1154 2350 1195 2388 la
1221 2351 1375 2389 lezione
1401 2350 1467 2388 dei
1491 2362 1582 2388 msa.

121 2427 132 2440 ,
148 2416 170 2433 .,-
201 2397 365 2447 referri,
385 2410 458 2445 per
481 2398 523 2437 la
540 2398 660 2444 quale
678 2398 716 2437 le
738 2399 901 2437 antiche
922 2398 1114 2438 edizioni:
1141 2400 1249 2437 dicta
1271 2398 1428 2445 referre
1454 2410 1478 2436 o
1499 2401 1580 2437 icta

86 2483 120 2507 ΑΜ
133 2471 165 2480 »..«
209 2460 230 2486 e
249 2458 273 2486 o
291 2449 392 2494 ipsis
407 2446 562 2494 referre
579 2446 838 2492 (seducente),
856 2447 894 2484 le
912 2447 1023 2493 quali
1041 2447 1187 2485 lezioni
1208 2448 1236 2485 il
1257 2447 1491 2485 Lachmann
1514 2446 1584 2484 eli-

113 2504 146 2534 τι
168 2514 171 2526 2
205 2494 574 2534 coll’osservazione
595 2495 669 2533 che
690 2497 839 2533 iterare
860 2507 939 2534 non
958 2507 1081 2541 regge
1104 2495 1309 2533 l’infinito.
1328 2495 1420 2540 Egli
1438 2498 1584 2533 stesso:

93 2587 95 2589 ,
132 2549 139 2555 '
170 2563 177 2575 ι
203 2543 368 2591 referri,
385 2543 458 2582 cfr.
472 2543 568 2582 Hor.
592 2546 725 2581 amnis
742 2544 878 2582 doctus
899 2546 976 2582 iter
995 2543 1159 2590 melius;
1178 2546 1310 2582 amnis
1332 2543 1464 2581 Multa
1481 2543 1581 2581 mole

165 2616 170 2625 τ
204 2603 274 2631 us
305 2593 444 2639 aprico
472 2603 637 2639 parcere
669 2595 800 2638 prato,
832 2603 854 2630 e
890 2604 964 2630 con
996 2592 1158 2630 Lachm.
1186 2593 1314 2630 anche
1352 2591 1535 2636 Bernays
1563 2603 1584 2629 e

96 2647 127 2688 sta
158 2658 163 2673 z
204 2657 211 2674 s
237 2652 260 2679 e
284 2639 464 2686 Brieger.
490 2639 558 2678 Ma
577 2639 637 2678 cio
659 2640 731 2678 che
756 2639 775 2675 ὁ
799 2639 903 2678 bello
926 2640 1037 2678 detto
1060 2640 1124 2678 del
1152 2639 1284 2685 fiume,
1306 2652 1330 2677 a
1353 2640 1417 2676 cui
1436 2639 1477 2676 la
1498 2639 1585 2677 fan·

99 2694 109 2734 J
164 2706 166 2720 2
205 2687 444 2728 attribuisce
474 2700 556 2726 una
582 2692 693 2726 certa
727 2687 886 2732 liberta,
918 2701 973 2726 un
1000 2691 1109 2727 certo
1147 2688 1287 2734 spirito
1314 2687 1469 2733 ribelle‚
1496 2699 1518 2724 e
1544 2686 1585 2724 al

31 2748 34 2749 ⁷
94 2719 201 2776 *e
220 2737 254 2775 si
275 2737 444 2782 insegna
464 2748 489 2775 a
514 2736 624 2782 rigar
646 2735 781 2782 dritto,
806 2748 887 2774 non
906 2749 957 2774 va
978 2749 1050 2782 per
1072 2740 1215 2782 questa
1242 2748 1315 2774 vox
1335 2735 1480 2773 affatto
1497 2747 1584 2781 pasv

137 2807 151 2837 g
200 2797 223 2826 e
247 2795 320 2832 per
345 2784 384 2823 di
411 2784 481 2831 pin
506 2785 568 2823 col
594 2784 719 2825 verbo
744 2785 916 2832 passivo.
942 2785 1022 2825 Per
1055 2797 1117 2823 mc
1144 2785 1252 2824 dicta
1277 2783 1433 2831 referri
1455 2795 1537 2831 non
1562 2782 1585 2827 ὁ
