1872 3002
297 150 384 198 284
709 151 795 200 DE
826 152 1058 202 RERUM
1087 151 1365 201 NATURA

323 244 436 292 haec
467 262 646 305 quoque
679 262 749 293 res
781 247 1059 305 adiumento,
1092 250 1332 306 motusque
1363 246 1565 306 iuvatur,

325 310 459 369 quod,
493 311 631 358 simul
663 327 690 357 0
722 311 871 359 fronte
902 318 970 360 est
1001 312 1141 359 anelli
1171 312 1321 359 rarior
1351 317 1429 360 001·

326 376 474 423 factus
505 377 798 437 inanitusque
830 377 955 425 locus
986 377 1137 437 magis
1168 394 1222 425 00
1253 383 1489 436 vacuatus,

326 442 543 488 continuo
574 441 625 488 fit
656 442 726 488 uti
758 442 835 501 qui
869 447 971 501 post
1002 446 1070 490 est
1102 459 1296 502 cumque
1327 442 1504 490 locatus

203 524 292 560 1025
324 511 402 552 aer
433 522 460 552 a
490 511 622 565 tergo
655 507 787 565 quasi
821 507 1044 566 provehat
1076 511 1213 566 atque
1245 507 1484 566 propellat.

324 587 504 630 semper
535 573 656 619 enim
689 573 1042 631 circumpositus
1074 589 1145 620 res
1176 573 1388 620 verberat
1421 579 1517 621 aer:

323 638 400 684 sed
433 638 517 685 tali
548 638 599 684 fit
629 638 699 685 uti
731 639 955 697 propellat
986 645 1189 697 tempore
1220 639 1407 696 ferrum,

323 707 452 761 par-te
485 703 606 762 quod
638 719 698 750 ex
728 720 821 751 una
853 704 1051 763 spatium
1086 709 1222 751 vacat
1253 709 1298 751 et
1330 705 1454 763 capit
1485 705 1534 752 in
1566 719 1628 752 se.

323 768 335 825 {i
359 768 446 826 hic,
480 769 564 815 tibi
597 785 730 828 quem
763 786 976 828 memoro,
1011 786 1090 829 per
1123 770 1284 817 crebra
1316 769 1543 817 foramina
1573 769 1684 817 ferri

291 1007 371 1032 una
390 1007 481 1032 cosa
499 994 570 1032 che
592 995 643 1032 ha
665 994 731 1040 gia
752 995 885 1033 detta?
911 996 1056 1034 Invece
1075 995 1195 1033 molto
1217 994 1528 1042 nsxfuralmente,
1547 993 1649 1040 dopo
1667 993 1776 1033 detto

291 1043 363 1080 che
390 1042 631 1081 formandosi
658 1056 712 1080 un
738 1045 859 1081 vuoto
886 1044 940 1081 ivi
965 1042 1212 1088 precipitano
1237 1043 1293 1088 gli
1319 1042 1506 1080 elementi
1531 1041 1596 1080 del
1620 1041 1727 1081 ferro
1753 1055 1774 1079 e

290 1089 450 1128 l’anello
476 1093 601 1128 stesso
628 1090 788 1136 (perche
823 1091 878 1128 ivi
911 1103 1020 1128 cessa
1053 1091 1144 1134 ogni
1179 1090 1428 1136 resistenza),
1459 1090 1493 1127 si
1525 1089 1635 1128 dice:
1668 1089 1776 1135 s‘ag-

291 1138 440 1182 giunga
461 1139 533 1175 che
560 1137 626 1176 v'e
653 1138 779 1176 anche
799 1138 838 1175 10
860 1139 991 1183 spinta
1010 1137 1188 1175 dell’aria
1209 1137 1408 1175 dall’altra
1424 1141 1558 1184 parte3
1583 1149 1605 1175 e
1629 1136 1669 1175 10
1687 1149 1778 1175 eon-

290 1185 535 1223 siderazione
562 1186 782 1223 accessoria
808 1186 880 1223 che
907 1185 965 1223 cio
987 1186 1156 1223 avviene
1178 1186 1218 1222 in
1240 1184 1470 1230 qualunque
1495 1196 1623 1230 senso,
1648 1184 1775 1222 anche

291 1233 330 1269 in
353 1245 411 1278 su,
428 1233 521 1270 vien
542 1234 726 1271 naturale
744 1233 846 1278 dopo
864 1232 976 1270 fi'nita
992 1233 1031 1270 10
1052 1233 1303 1278 spiegazione
1325 1232 1388 1270 del
1410 1233 1524 1278 fatto,
1545 1244 1566 1270 e
1590 1232 1707 1270 viene
1722 1232 1776 1270 01-

290 1280 375 1317 lora
394 1280 590 1325 naturale,
603 1280 644 1318 in
665 1281 822 1326 seguito
841 1282 974 1325 (1018),
991 1280 1266 1325 l'espressione
1289 1281 1428 1335 quippe
1446 1281 1658 1334 ayilan-tur
1673 1282 1776 1318 enim

288 1328 420 1373 playis
449 1329 623 1366 aliunde.
659 1328 1016 1366 “Naturalmente!
1045 1327 1117 1366 che
1142 1339 1238 1365 sono
1265 1327 1385 1372 spiriti
1411 1326 1461 1365 (10
1486 1326 1589 1372 00101
1614 1327 1774 1374 esterni‚

290 1387 399 1413 come
425 1387 496 1413 ora
522 1375 582 1414 s'e
609 1375 739 1414 detto!
763 1403 780 1419 „
809 1376 946 1421 Tango
973 1375 1111 1420 quindi
1144 1387 1214 1420 per
1240 1375 1368 1413 sicuro
1401 1374 1473 1412 che
1504 1374 1698 1412 Lucrezio
1722 1374 1774 1412 ha

289 1423 426 1460 scritto
452 1423 686 1461 nell’ordine
713 1423 819 1461 ch’io
845 1423 896 1461 ho
914 1424 981 1468 qui
1004 1423 1108 1466 dato,
1135 1423 1239 1460 ossia
1259 1422 1327 1467 piu
1353 1422 1641 1467 precisamente
1666 1422 1775 1460 1020·

291 1471 664 1511 1028÷1015-1019:
684 1470 756 1509 che
774 1470 795 1508 0
814 1471 864 1508 (10
881 1471 1027 1508 vedere
1045 1471 1084 1508 la
1103 1473 1196 1508 nota
1214 1483 1237 1507 a
1257 1471 1470 1507 1029-1031.
1543 1489 1590 1496 -
1607 1469 1702 1505 1020
1714 1481 1772 1516 sg.

289 1522 488 1565 motusque
512 1531 583 1564 per
595 1523 784 1565 motuque,
804 1532 824 1556 e
843 1519 907 1556 nel
928 1522 1034 1556 resto
1051 1533 1094 1548 =
1110 1530 1198 1555 msS.
1218 1530 1327 1555 come
1343 1517 1511 1562 Brieger
1531 1529 1553 1555 e
1569 1517 1773 1562 Postgate.

289 1566 434 1603 Invece
452 1566 612 1604 Lachm.
635 1579 656 1604 e
672 1566 790 1604 Bern.
812 1568 875 1603 uti
891 1566 1008 1610 (ulei)
1028 1578 1099 1611 per
1121 1568 1211 1603 item
1229 1578 1249 1602 e
1272 1567 1429 1602 iuvetur
1449 1577 1520 1610 per
1539 1566 1728 1611 iuvenum
1744 1564 1772 1602 il

289 1613 430 1651 Mum-o
447 1613 489 1651 in
507 1616 612 1652 tutto
634 1614 694 1652 coi
715 1613 837 1651 codici
855 1613 1007 1660 (quindi
1021 1613 1224 1660 motuque),
1246 1611 1334 1650 coll'
1346 1611 1616 1657 ingratissime.
1633 1623 1774 1658 paren-

288 1660 362 1698 tesi
380 1662 517 1707 (quare
601 1661 789 1706 iuvatur).
816 1661 1006 1699 Lucrezio
1029 1661 1050 1699 ὸ
1072 1661 1140 1706 piu
1162 1673 1183 1698 0
1212 1672 1324 1698 meno
1349 1658 1364 1675 “
1379 1658 1474 1697 fond
1500 1659 1543 1697 of
1561 1659 1773 1704 parenthe-

288 1707 383 1746 1ἰοοΙ
404 1709 558 1747 clauses
579 1738 595 1755 „
623 1721 688 1746 ma
713 1721 792 1747 non
821 1710 836 1726 ‘⁴
857 1709 937 1746 like
964 1709 1043 1746 this
1064 1735 1096 1753 „.
1119 1708 1257 1745 Anche
1279 1707 1380 1745 colla
1404 1706 1599 1752 prudente
1619 1706 1772 1745 lezione

288 1755 339 1792 da
363 1756 430 1794 noi
451 1759 650 1794 accettata
671 1756 701 1794 c’
716 1757 737 1794 0
760 1769 812 1794 00
835 1756 896 1801 po’
915 1756 950 1793 d’
965 1756 1168 1801 intralcio;
1190 1767 1254 1792 010
1274 1754 1588 1802 probabilmente
1609 1753 1674 1792 dei
1694 1753 1771 1792 due

287 1803 391 1840 versi
414 1816 491 1841 uno
518 1817 595 1842 non
622 1804 643 1842 ὲ
670 1804 741 1842 0110
769 1817 848 1841 una
874 1804 1057 1842 variante
1083 1803 1174 1841 dell’
1188 1802 1302 1841 altro.
1410 1822 1447 1827 —-
1479 1801 1589 1838 1025.
1615 1801 1686 1840 cfr.
1710 1801 1770 1840 IV

290 1852 356 1888 193
383 1863 480 1898 quae
516 1852 703 1898 provehat
737 1856 852 1899 atque
886 1852 1092 1898 propellat.
1127 1851 1232 1888 Nota
1263 1850 1478 1897 propellan
1506 1850 1605 1905 1027·
1620 1850 1770 1935 grfipel·

288 1898 355 1936 lat.
457 1919 494 1923 —
515 1899 616 1935 1026
630 1912 687 1944 sg.
705 1899 838 1937 L’aria
864 1899 975 1936 batte
994 1899 1045 1936 da
1065 1901 1169 1936 tutte
1200 1898 1237 1935 le
1264 1898 1381 1944 parti,
1407 1910 1427 1935 e
1453 1910 1478 1942 p
1493 1909 1514 1934 e
1528 1909 1547 1934 r
1561 1909 1608 1935 01
1669 1908 1731 1935 no
1746 1910 1768 1934 n

290 1959 323 1983 m
340 1959 365 1983 u
380 1958 402 1983 0
418 1958 476 1984 ve
503 1946 549 1985 10
576 1959 596 1985 0
611 1959 663 1984 os
679 1960 720 1993 e3
747 1959 887 1984 muove
914 1947 980 1984 nel
1005 1958 1096 1984 caso
1123 1946 1288 1987 0110010,
1313 1943 1458 1990 perche
1485 1943 1536 1982 da
1555 1956 1637 1982 000
1657 1947 1770 1990 parte

287 2006 362 2031 non
388 1994 510 2032 batte.
603 2014 645 2020 —
669 1997 773 2041 capit
793 1997 838 2032 in
863 2007 902 2032 se
926 1994 942 2010 ‘⁴
959 2006 1038 2032 non
1055 2006 1210 2039 oppone
1232 1992 1448 2030 resistenza
1467 2018 1496 2035 „.
1560 2011 1608 2018 —-
1653 1990 1769 2028 1⁰29-

287 2041 391 2076 1031.
417 2042 451 2078 Il
477 2042 658 2087 pensiero
680 2045 895 2080 contenuto
921 2042 961 2079 in
988 2042 1116 2087 questi
1141 2043 1200 2078 tre
1225 2041 1330 2078 versi
1355 2039 1377 2077 0
1402 2039 1440 2078 10
1461 2045 1587 2077 stesso
1613 2039 1770 2094 che-poi

245 2132 247 2134 ,
286 2101 359 2126 000
385 2090 589 2134 maggiore
615 2090 797 2135 sviluppo
823 2091 858 2128 ci
884 2089 1015 2127 danne
1043 2089 1053 2126 i
1085 2088 1190 2127 versi
1215 2089 1440 2133 1032-1039;
1475 2087 1516 2124 10
1541 2086 1625 2125 sola
1659 2085 1770 2142 diffe-

286 2148 406 2174 renza
432 2136 453 2174 ὸ
479 2137 551 2174 0110
572 2138 613 2174 in
634 2138 765 2182 questi
785 2137 913 2175 ultimi
934 2137 1051 2182 versi,
1078 2149 1150 2174 con
1177 2135 1379 2181 maggiore
1400 2134 1632 2180 praefixione,
1657 2133 1770 2172 l’arla

286 2183 307 2221 ὲ
340 2189 646 2229 rappresentata
681 2197 790 2223 come
820 2185 1108 2222 abitualmente
1141 2186 1326 2229 presente
1351 2184 1417 2220 nei
1448 2181 1535 2228 pori
1560 2181 1623 2219 del
1650 2180 1769 2228 ferro,

287 2243 365 2268 non
390 2244 498 2270 come
537 2233 733 2271 entrataci
759 2233 797 2269 al
823 2237 1020 2270 momento
1053 2232 1094 2268 in
1121 2232 1183 2268 cui
1208 2230 1367 2268 l'anello
1397 2228 1419 2267 ὸ
1449 2231 1651 2267 accostato
1688 2229 1768 2267 0110

285 2279 491 2324 00100111ος
533 2279 692 2325 dunque
737 2281 935 2318 1029-1031
979 2291 1075 2317 sono
1115 2278 1154 2316 10
1196 2279 1323 2323 prima
1363 2277 1517 2332 forman
1540 2288 1565 2314 a
1602 2275 1666 2314 cui
1701 2277 1767 2322 poi

284 2327 476 2365 Lucrezio
502 2328 554 2365 ha
580 2328 780 2366 sostituito
819 2329 857 2364 la
886 2328 1014 2365 forma
1047 2326 1115 2371 piu
1141 2328 1327 2369 corretta,
1364 2337 1385 2362 e
1424 2327 1627 2370 motivata,
1654 2324 1766 2361 1032-

287 2376 401 2421 1039;
438 2375 478 2411 la
512 2375 638 2420 prima
664 2375 876 2413 redazione
910 2378 1016 2412 resta
1051 2373 1188 2418 quindi
1220 2373 1326 2410 fuori
1360 2371 1423 2409 del
1453 2383 1611 2410 carmen
1631 2373 1766 2410 -conti-

285 2434 418 2459 mcum.
452 2423 512 2460 Ed
542 2423 668 2460 anche
697 2424 898 2460 1015-1019
936 2422 1058 2459 fanno
1093 2421 1236 2466 meglio
1272 2420 1427 2465 seguito
1464 2431 1488 2458 0
1515 2420 1619 2466 1028,
1647 2429 1767 2456 senza

284 2468 538 2508 l'intrusione
560 2470 598 2507 di
622 2471 834 2508 1029—1031.
860 2470 893 2508 E
914 2470 1019 2507 forse
1041 2481 1109 2506 era
1131 2468 1275 2512 meglio
1295 2469 1541 2512 trasportare
1562 2464 1767 2504 1015-1019

283 2517 422 2554 avanti
453 2531 476 2554 a
509 2518 640 2563 questi
675 2523 734 2555 tre
768 2517 891 2563 versi3
931 2529 993 2554 ma
1026 2528 1104 2554 non
1138 2516 1220 2553 l‘ho
1255 2515 1370 2560 fatto,
1401 2512 1548 2560 perche
1569 2513 1646 2568 ‘hic
1674 2514 1766 2553 1029

284 2564 472 2602 s'attacca
510 2565 828 2603 evidentemente
866 2577 890 2602 a
929 2565 1032 2601 1028.
1069 2563 1172 2601 Vale
1209 2575 1233 2600 a
1271 2562 1374 2600 dire:
1414 2562 1604 2599 Lucrezio
1635 2572 1763 2598 aveva

283 2612 410 2656 prima
448 2613 584 2651 scritto
621 2613 793 2650 soltanto
834 2613 1039 2650 1020-1028
1067 2616 1108 2652 -†-
1138 2610 1364 2655 1029-10313
1402 2609 1466 2654 poi
1508 2608 1560 2646 ha
1598 2610 1768 2654 pensato
1825 2638 1831 2645 .

284 2658 323 2695 di
349 2659 594 2705 aggiungere
620 2673 643 2697 0
672 2661 873 2697 1020—1028
898 2661 938 2697 10
963 2659 1238 2697 osservazione
1259 2658 1480 2695 accessoria
1502 2655 1716 2702 1015·1019‚
1742 2668 1764 2693 e

284 2705 323 2743 (li
349 2707 552 2746 sostituire
579 2720 602 2745 0
630 2709 828 2746 1029-1031
855 2708 894 2745 10
919 2719 1051 2744 nuova
1077 2705 1289 2744 redazione
1315 2703 1527 2742 1032-1039.
1554 2701 1764 2746 Deditore,

282 2753 439 2791 tirando
481 2754 620 2793 dentro
646 2756 685 2792 10
710 2768 842 2793 nuova
868 2754 1077 2793 redazione
1115 2765 1233 2791 senza
1272 2751 1475 2790 eliminare
1513 2750 1552 2788 10
1589 2750 1764 2798 vecchia‚
