<?xml version="1.0" encoding="UTF-8"?>
<!DOCTYPE html PUBLIC "-//W3C//DTD XHTML 1.0 Transitional//EN"
    "http://www.w3.org/TR/xhtml1/DTD/xhtml1-transitional.dtd">
<html xmlns="http://www.w3.org/1999/xhtml" xml:lang="en" lang="en">
 <head>
  <title>
</title>
<meta http-equiv="Content-Type" content="text/html;charset=utf-8" />
  <meta name='ocr-system' content='tesseract 3.04.00' />
  <meta name='ocr-capabilities' content='ocr_page ocr_carea ocr_par ocr_line ocrx_word'/>
</head>
<body>
  <div class='ocr_page' id='page_1' title='image "./dererumnaturalib03lucruoft/dererumnaturalib03lucruoft_0571.png"; bbox 0 0 1872 3002; ppageno 0'>
   <div class='ocr_carea' id='block_1_1' title="bbox 0 0 124 2182">
    <p class='ocr_par' dir='ltr' id='par_1_1' title="bbox 0 0 124 2182">
     <span class='ocr_line' id='line_1_1' title="bbox 0 0 124 2182; baseline 0 0"><span class='ocrx_word' id='word_1_1' title='bbox 0 0 124 2182; x_wconf 95' lang='lat' dir='ltr'> </span> 
     </span>
    </p>
   </div>
   <div class='ocr_carea' id='block_1_2' title="bbox 24 2809 50 3002">
    <p class='ocr_par' dir='ltr' id='par_1_2' title="bbox 24 2809 50 3002">
     <span class='ocr_line' id='line_1_2' title="bbox 24 2809 50 3002; textangle 90"><span class='ocrx_word' id='word_1_2' title='bbox 24 2871 50 3002; x_wconf 43' lang='lat' dir='ltr'>afis2-L,</span> <span class='ocrx_word' id='word_1_3' title='bbox 32 2809 46 2847; x_wconf 52' lang='grc' dir='ltr'>ν.</span> 
     </span>
    </p>
   </div>
   <div class='ocr_carea' id='block_1_3' title="bbox 601 152 1625 207">
    <p class='ocr_par' dir='ltr' id='par_1_3' title="bbox 601 152 1625 207">
     <span class='ocr_line' id='line_1_3' title="bbox 601 152 1625 207; baseline 0.006 -6"><span class='ocrx_word' id='word_1_4' title='bbox 601 152 799 203; x_wconf 80' lang='lat' dir='ltr'>LIBER</span> <span class='ocrx_word' id='word_1_5' title='bbox 829 153 904 203; x_wconf 84' lang='lat' dir='ltr'>VI</span> <span class='ocrx_word' id='word_1_6' title='bbox 934 157 1134 205; x_wconf 81' lang='lat'>812-840</span> <span class='ocrx_word' id='word_1_7' title='bbox 1537 160 1625 207; x_wconf 85' lang='lat'>263</span> 
     </span>
    </p>
   </div>
   <div class='ocr_carea' id='block_1_4' title="bbox 148 247 1472 512">
    <p class='ocr_par' dir='ltr' id='par_1_4' title="bbox 148 247 1472 512">
     <span class='ocr_line' id='line_1_4' title="bbox 148 247 1472 315; baseline 0.006 -20"><span class='ocrx_word' id='word_1_8' title='bbox 148 252 270 306; x_wconf 69' lang='lat' dir='ltr'>aera,</span> <span class='ocrx_word' id='word_1_9' title='bbox 305 247 386 309; x_wconf 89' lang='lat' dir='ltr'>qui</span> <span class='ocrx_word' id='word_1_10' title='bbox 416 248 541 297; x_wconf 84' lang='lat' dir='ltr'>inter</span> <span class='ocrx_word' id='word_1_11' title='bbox 572 251 673 299; x_wconf 88' lang='lat' dir='ltr'>avis</span> <span class='ocrx_word' id='word_1_12' title='bbox 707 258 951 313; x_wconf 77' lang='lat' dir='ltr'><strong>cumquest</strong></span> <span class='ocrx_word' id='word_1_13' title='bbox 983 258 1248 315; x_wconf 86' lang='lat' dir='ltr'>terramque</span> <span class='ocrx_word' id='word_1_14' title='bbox 1279 254 1472 314; x_wconf 85' lang='lat' dir='ltr'>locatus,</span> 
     </span>
     <span class='ocr_line' id='line_1_5' title="bbox 149 312 1412 380; baseline 0.007 -20"><span class='ocrx_word' id='word_1_15' title='bbox 149 312 386 372; x_wconf 83' lang='lat' dir='ltr'>discutiat,</span> <span class='ocrx_word' id='word_1_16' title='bbox 420 329 563 375; x_wconf 81' lang='lat' dir='ltr'>prope</span> <span class='ocrx_word' id='word_1_17' title='bbox 596 315 667 363; x_wconf 83' lang='lat' dir='ltr'>uti</span> <span class='ocrx_word' id='word_1_18' title='bbox 698 316 827 366; x_wconf 84' lang='lat' dir='ltr'>loeus</span> <span class='ocrx_word' id='word_1_19' title='bbox 860 317 936 366; x_wconf 88' lang='lat' dir='ltr'>hie</span> <span class='ocrx_word' id='word_1_20' title='bbox 968 318 1213 380; x_wconf 82' lang='lat' dir='ltr'><strong>linquatur</strong></span> <span class='ocrx_word' id='word_1_21' title='bbox 1243 320 1412 369; x_wconf 88' lang='lat' dir='ltr'>inanis.</span> 
     </span>
     <span class='ocr_line' id='line_1_6' title="bbox 149 377 1255 444; baseline 0.007 -18"><span class='ocrx_word' id='word_1_22' title='bbox 149 377 281 428; x_wconf 77' lang='lat' dir='ltr'>euius</span> <span class='ocrx_word' id='word_1_23' title='bbox 311 378 394 428; x_wconf 90' lang='lat' dir='ltr'>ubi</span> <span class='ocrx_word' id='word_1_24' title='bbox 424 395 448 427; x_wconf 92' lang='lat' dir='ltr'>e</span> <span class='ocrx_word' id='word_1_25' title='bbox 480 380 672 441; x_wconf 85' lang='lat' dir='ltr'>regione</span> <span class='ocrx_word' id='word_1_26' title='bbox 704 383 795 431; x_wconf 80' lang='lat' dir='ltr'>loci</span> <span class='ocrx_word' id='word_1_27' title='bbox 827 399 996 433; x_wconf 84' lang='lat' dir='ltr'>venere</span> <span class='ocrx_word' id='word_1_28' title='bbox 1029 385 1255 444; x_wconf 80' lang='lat' dir='ltr'>volantes,</span> 
     </span>
     <span class='ocr_line' id='line_1_7' title="bbox 149 443 1295 512; baseline 0.006 -19"><span class='ocrx_word' id='word_1_29' title='bbox 149 443 382 494; x_wconf 78' lang='lat' dir='ltr'><strong>claudicat</strong></span> <span class='ocrx_word' id='word_1_30' title='bbox 412 446 647 507; x_wconf 86' lang='lat' dir='ltr'>extemplo</span> <span class='ocrx_word' id='word_1_31' title='bbox 680 448 928 509; x_wconf 85' lang='lat' dir='ltr'>pinnarum</span> <span class='ocrx_word' id='word_1_32' title='bbox 963 451 1093 499; x_wconf 88' lang='lat' dir='ltr'>nisus</span> <span class='ocrx_word' id='word_1_33' title='bbox 1124 451 1295 512; x_wconf 86' lang='lat' dir='ltr'>inanis,</span> 
     </span>
    </p>
   </div>
   <div class='ocr_carea' id='block_1_5' title="bbox 69 513 1364 577">
    <p class='ocr_par' dir='ltr' id='par_1_5' title="bbox 55 505 1364 577">
     <span class='ocr_line' id='line_1_8' title="bbox 69 513 1364 577; baseline 0.002 -13.968"><span class='ocrx_word' id='word_1_34' title='bbox 69 535 109 563; x_wconf 63' lang='grc' dir='ltr'>«ι,</span> <span class='ocrx_word' id='word_1_35' title='bbox 148 515 195 560; x_wconf 88' lang='lat' dir='ltr'>et</span> <span class='ocrx_word' id='word_1_36' title='bbox 225 527 451 560; x_wconf 80' lang='lat' dir='ltr'>conamen</span> <span class='ocrx_word' id='word_1_37' title='bbox 482 513 720 574; x_wconf 79' lang='lat' dir='ltr'><strong>utrimque</strong></span> <span class='ocrx_word' id='word_1_38' title='bbox 753 515 935 564; x_wconf 85' lang='lat' dir='ltr'>alarum</span> <span class='ocrx_word' id='word_1_39' title='bbox 970 517 1182 577; x_wconf 81' lang='lat' dir='ltr'>proditur</span> <span class='ocrx_word' id='word_1_40' title='bbox 1214 534 1364 566; x_wconf 90' lang='lat' dir='ltr'>omne.</span> 
     </span>
    </p>
   </div>
   <div class='ocr_carea' id='block_1_6' title="bbox 146 576 1464 840">
    <p class='ocr_par' dir='ltr' id='par_1_6' title="bbox 146 576 1260 709">
     <span class='ocr_line' id='line_1_9' title="bbox 146 576 1260 643; baseline 0.005 -18"><span class='ocrx_word' id='word_1_41' title='bbox 146 576 226 626; x_wconf 86' lang='lat' dir='ltr'>hie</span> <span class='ocrx_word' id='word_1_42' title='bbox 255 577 338 626; x_wconf 90' lang='lat' dir='ltr'>ubi</span> <span class='ocrx_word' id='word_1_43' title='bbox 367 577 526 626; x_wconf 85' lang='lat' dir='ltr'>nixari</span> <span class='ocrx_word' id='word_1_44' title='bbox 557 586 794 640; x_wconf 90' lang='lat' dir='ltr'>nequeunt</span> <span class='ocrx_word' id='word_1_45' title='bbox 824 581 1127 643; x_wconf 77' lang='lat' dir='ltr'>insistereque</span> <span class='ocrx_word' id='word_1_46' title='bbox 1160 583 1260 638; x_wconf 87' lang='lat' dir='ltr'>alis,</span> 
     </span>
     <span class='ocr_line' id='line_1_10' title="bbox 148 641 1209 709; baseline 0.006 -18"><span class='ocrx_word' id='word_1_47' title='bbox 148 641 340 702; x_wconf 81' lang='lat' dir='ltr'>seilicet,</span> <span class='ocrx_word' id='word_1_48' title='bbox 371 641 421 691; x_wconf 91' lang='lat' dir='ltr'>in</span> <span class='ocrx_word' id='word_1_49' title='bbox 452 647 627 693; x_wconf 86' lang='lat' dir='ltr'>terram</span> <span class='ocrx_word' id='word_1_50' title='bbox 661 646 814 694; x_wconf 88' lang='lat' dir='ltr'>delabi</span> <span class='ocrx_word' id='word_1_51' title='bbox 846 648 1047 707; x_wconf 90' lang='lat' dir='ltr'>pondere</span> <span class='ocrx_word' id='word_1_52' title='bbox 1081 649 1209 709; x_wconf 85' lang='lat' dir='ltr'>cogit</span> 
     </span>
    </p>

    <p class='ocr_par' dir='ltr' id='par_1_7' title="bbox 147 711 1464 840">
     <span class='ocr_line' id='line_1_11' title="bbox 147 711 1464 773; baseline 0.005 -17"><span class='ocrx_word' id='word_1_53' title='bbox 147 711 332 764; x_wconf 84' lang='lat' dir='ltr'>natura,</span> <span class='ocrx_word' id='word_1_54' title='bbox 363 714 409 757; x_wconf 90' lang='lat' dir='ltr'>et</span> <span class='ocrx_word' id='word_1_55' title='bbox 439 725 641 758; x_wconf 84' lang='lat' dir='ltr'>vacuum</span> <span class='ocrx_word' id='word_1_56' title='bbox 675 728 818 772; x_wconf 86' lang='lat' dir='ltr'>prope</span> <span class='ocrx_word' id='word_1_57' title='bbox 850 713 942 760; x_wconf 85' lang='lat' dir='ltr'>iam</span> <span class='ocrx_word' id='word_1_58' title='bbox 977 729 1058 773; x_wconf 89' lang='lat' dir='ltr'>per</span> <span class='ocrx_word' id='word_1_59' title='bbox 1088 713 1227 761; x_wconf 89' lang='lat' dir='ltr'>inane</span> <span class='ocrx_word' id='word_1_60' title='bbox 1259 714 1464 764; x_wconf 79' lang='lat' dir='ltr'>iacentes</span> 
     </span>
     <span class='ocr_line' id='line_1_12' title="bbox 147 774 1383 840; baseline 0.004 -17"><span class='ocrx_word' id='word_1_61' title='bbox 147 774 425 838; x_wconf 82' lang='lat' dir='ltr'>dispergunt</span> <span class='ocrx_word' id='word_1_62' title='bbox 455 776 638 825; x_wconf 85' lang='lat' dir='ltr'>animas</span> <span class='ocrx_word' id='word_1_63' title='bbox 671 794 752 838; x_wconf 90' lang='lat' dir='ltr'>per</span> <span class='ocrx_word' id='word_1_64' title='bbox 784 778 945 826; x_wconf 85' lang='lat' dir='ltr'>caulas</span> <span class='ocrx_word' id='word_1_65' title='bbox 978 780 1183 840; x_wconf 86' lang='lat' dir='ltr'>corporis</span> <span class='ocrx_word' id='word_1_66' title='bbox 1215 780 1383 829; x_wconf 91' lang='lat' dir='ltr'>omnis.</span> 
     </span>
    </p>
   </div>
   <div class='ocr_carea' id='block_1_7' title="bbox 761 901 914 976">
    <p class='ocr_par' dir='ltr' id='par_1_8' title="bbox 761 901 914 976">
     <span class='ocr_line' id='line_1_13' title="bbox 820 901 856 933; baseline 0 0"><span class='ocrx_word' id='word_1_67' title='bbox 820 901 856 933; x_wconf 67' lang='lat'>4(-</span> 
     </span>
     <span class='ocr_line' id='line_1_14' title="bbox 761 945 914 976; baseline 0.007 -1"><span class='ocrx_word' id='word_1_68' title='bbox 761 945 796 975; x_wconf 78' lang='grc' dir='ltr'>-Χ-</span> <span class='ocrx_word' id='word_1_69' title='bbox 879 946 914 976; x_wconf 57' lang='lat'>3}</span> 
     </span>
    </p>
   </div>
   <div class='ocr_carea' id='block_1_8' title="bbox 40 1010 1270 1104">
    <p class='ocr_par' dir='ltr' id='par_1_9' title="bbox 40 1010 1270 1104">
     <span class='ocr_line' id='line_1_15' title="bbox 40 1010 1270 1104; baseline 0 -13"><span class='ocrx_word' id='word_1_70' title='bbox 40 1010 63 1104; x_wconf 13' lang='lat'>⁷1:</span> <span class='ocrx_word' id='word_1_71' title='bbox 100 1062 109 1090; x_wconf 79' lang='grc' dir='ltr'>ι</span> <span class='ocrx_word' id='word_1_72' title='bbox 146 1039 366 1102; x_wconf 82' lang='lat' dir='ltr'>frigidior</span> <span class='ocrx_word' id='word_1_73' title='bbox 397 1056 534 1102; x_wconf 90' lang='lat' dir='ltr'>porro</span> <span class='ocrx_word' id='word_1_74' title='bbox 566 1041 616 1089; x_wconf 93' lang='lat' dir='ltr'>in</span> <span class='ocrx_word' id='word_1_75' title='bbox 649 1041 799 1101; x_wconf 86' lang='lat' dir='ltr'>puteis</span> <span class='ocrx_word' id='word_1_76' title='bbox 831 1046 1007 1099; x_wconf 78' lang='lat' dir='ltr'>aestate</span> <span class='ocrx_word' id='word_1_77' title='bbox 1039 1043 1090 1090; x_wconf 90' lang='lat' dir='ltr'>fit</span> <span class='ocrx_word' id='word_1_78' title='bbox 1123 1059 1270 1102; x_wconf 87' lang='lat' dir='ltr'>umor,</span> 
     </span>
    </p>
   </div>
   <div class='ocr_carea' id='block_1_9' title="bbox 121 1146 408 1153">
    <p class='ocr_par' dir='ltr' id='par_1_10' title="bbox 121 1146 408 1153">
     <span class='ocr_line' id='line_1_16' title="bbox 121 1146 408 1153; baseline 0 1849"><span class='ocrx_word' id='word_1_79' title='bbox 121 1146 408 1153; x_wconf 95' lang='lat' dir='ltr'> </span> 
     </span>
    </p>
   </div>
   <div class='ocr_carea' id='block_1_10' title="bbox 114 1197 1627 1287">
    <p class='ocr_par' dir='ltr' id='par_1_11' title="bbox 114 1197 1627 1287">
     <span class='ocr_line' id='line_1_17' title="bbox 115 1197 1627 1246; baseline 0.001 -8"><span class='ocrx_word' id='word_1_80' title='bbox 115 1198 233 1238; x_wconf 81' lang='lat' dir='ltr'>furea</span> <span class='ocrx_word' id='word_1_81' title='bbox 253 1198 363 1238; x_wconf 77' lang='lat' dir='ltr'>caeci</span> <span class='ocrx_word' id='word_1_82' title='bbox 380 1197 495 1237; x_wconf 83' lang='lat' dir='ltr'>l’aria</span> <span class='ocrx_word' id='word_1_83' title='bbox 517 1202 797 1246; x_wconf 78' lang='lat' dir='ltr'>sovrapposta,</span> <span class='ocrx_word' id='word_1_84' title='bbox 822 1198 851 1236; x_wconf 90' lang='lat' dir='ltr'>il</span> <span class='ocrx_word' id='word_1_85' title='bbox 873 1199 1036 1236; x_wconf 84' lang='lat' dir='ltr'>natural</span> <span class='ocrx_word' id='word_1_86' title='bbox 1062 1201 1250 1245; x_wconf 84' lang='lat' dir='ltr'>sostegno</span> <span class='ocrx_word' id='word_1_87' title='bbox 1274 1198 1382 1245; x_wconf 83' lang='lat' dir='ltr'>degli</span> <span class='ocrx_word' id='word_1_88' title='bbox 1400 1199 1542 1238; x_wconf 84' lang='lat' dir='ltr'>uccelli</span> <span class='ocrx_word' id='word_1_89' title='bbox 1559 1213 1627 1239; x_wconf 89' lang='lat' dir='ltr'>vo-</span> 
     </span>
     <span class='ocr_line' id='line_1_18' title="bbox 114 1246 1626 1287; baseline 0 -1"><span class='ocrx_word' id='word_1_90' title='bbox 114 1247 228 1287; x_wconf 72' lang='lat' dir='ltr'>lanti.</span> <span class='ocrx_word' id='word_1_91' title='bbox 242 1247 278 1286; x_wconf 86' lang='lat'>11</span> <span class='ocrx_word' id='word_1_92' title='bbox 294 1246 457 1286; x_wconf 78' lang='lat' dir='ltr'>Lachm.</span> <span class='ocrx_word' id='word_1_93' title='bbox 475 1246 557 1286; x_wconf 81' lang='lat' dir='ltr'>cita</span> <span class='ocrx_word' id='word_1_94' title='bbox 574 1246 684 1284; x_wconf 87' lang='lat' dir='ltr'>Serv.</span> <span class='ocrx_word' id='word_1_95' title='bbox 702 1246 755 1284; x_wconf 86' lang='lat' dir='ltr'>ad</span> <span class='ocrx_word' id='word_1_96' title='bbox 777 1246 878 1285; x_wconf 83' lang='lat' dir='ltr'>Aen.</span> <span class='ocrx_word' id='word_1_97' title='bbox 893 1246 953 1284; x_wconf 89' lang='lat' dir='ltr'>VI</span> <span class='ocrx_word' id='word_1_98' title='bbox 967 1247 1038 1285; x_wconf 76' lang='lat'>239</span> <span class='ocrx_word' id='word_1_99' title='bbox 1056 1259 1152 1285; x_wconf 82' lang='lat' dir='ltr'>sane</span> <span class='ocrx_word' id='word_1_100' title='bbox 1170 1248 1375 1286; x_wconf 81' lang='lat' dir='ltr'>sciendum</span> <span class='ocrx_word' id='word_1_101' title='bbox 1393 1247 1626 1286; x_wconf 81' lang='lat' dir='ltr'>Lucretium</span> 
     </span>
    </p>
   </div>
   <div class='ocr_carea' id='block_1_11' title="bbox 45 1294 1627 1390">
    <p class='ocr_par' dir='ltr' id='par_1_12' title="bbox 45 1294 1627 1390">
     <span class='ocr_line' id='line_1_19' title="bbox 46 1294 1626 1344; baseline -0.001 -9"><span class='ocrx_word' id='word_1_102' title='bbox 46 1305 53 1342; x_wconf 69' lang='grc' dir='ltr'><em>ῖ</em></span> <span class='ocrx_word' id='word_1_103' title='bbox 117 1299 154 1335; x_wconf 77' lang='lat' dir='ltr'>et</span> <span class='ocrx_word' id='word_1_104' title='bbox 173 1295 279 1335; x_wconf 72' lang='lat' dir='ltr'>alios</span> <span class='ocrx_word' id='word_1_105' title='bbox 294 1294 486 1344; x_wconf 73' lang='lat' dir='ltr'>physicos</span> <span class='ocrx_word' id='word_1_106' title='bbox 510 1295 641 1333; x_wconf 82' lang='lat' dir='ltr'>dicere</span> <span class='ocrx_word' id='word_1_107' title='bbox 657 1298 789 1332; x_wconf 70' lang='lat' dir='ltr'>aerem</span> <span class='ocrx_word' id='word_1_108' title='bbox 806 1306 1034 1342; x_wconf 81' lang='lat' dir='ltr'>corporeum</span> <span class='ocrx_word' id='word_1_109' title='bbox 1053 1307 1157 1341; x_wconf 76' lang='lat' dir='ltr'>esse;</span> <span class='ocrx_word' id='word_1_110' title='bbox 1181 1296 1287 1334; x_wconf 79' lang='lat' dir='ltr'>unde</span> <span class='ocrx_word' id='word_1_111' title='bbox 1314 1308 1404 1334; x_wconf 81' lang='lat' dir='ltr'>aves</span> <span class='ocrx_word' id='word_1_112' title='bbox 1430 1299 1626 1335; x_wconf 77' lang='lat' dir='ltr'>sustinet.-</span> 
     </span>
     <span class='ocr_line' id='line_1_20' title="bbox 45 1343 1627 1390; baseline -0.001 -6"><span class='ocrx_word' id='word_1_113' title='bbox 45 1358 51 1371; x_wconf 61' lang='lat'>2</span> <span class='ocrx_word' id='word_1_114' title='bbox 115 1343 188 1385; x_wconf 68' lang='lat' dir='ltr'>sed</span> <span class='ocrx_word' id='word_1_115' title='bbox 209 1344 316 1383; x_wconf 74' lang='lat' dir='ltr'>hunc</span> <span class='ocrx_word' id='word_1_116' title='bbox 337 1343 469 1382; x_wconf 82' lang='lat' dir='ltr'>cedere</span> <span class='ocrx_word' id='word_1_117' title='bbox 489 1344 632 1390; x_wconf 84' lang='lat' dir='ltr'>vapori</span> <span class='ocrx_word' id='word_1_118' title='bbox 650 1343 876 1390; x_wconf 80' lang='lat' dir='ltr'>sulphureo,</span> <span class='ocrx_word' id='word_1_119' title='bbox 897 1343 1003 1381; x_wconf 81' lang='lat' dir='ltr'>unde</span> <span class='ocrx_word' id='word_1_120' title='bbox 1025 1355 1114 1381; x_wconf 79' lang='lat' dir='ltr'>aves</span> <span class='ocrx_word' id='word_1_121' title='bbox 1136 1345 1179 1381; x_wconf 82' lang='lat' dir='ltr'>in</span> <span class='ocrx_word' id='word_1_122' title='bbox 1205 1344 1294 1382; x_wconf 71' lang='lat' dir='ltr'><em>illis</em></span> <span class='ocrx_word' id='word_1_123' title='bbox 1320 1344 1429 1389; x_wconf 75' lang='lat' dir='ltr'><em>locis,</em></span> <span class='ocrx_word' id='word_1_124' title='bbox 1450 1344 1627 1383; x_wconf 77' lang='lat' dir='ltr'>desertae</span> 
     </span>
    </p>
   </div>
   <div class='ocr_carea' id='block_1_12' title="bbox 117 1391 1627 1449">
    <p class='ocr_par' dir='ltr' id='par_1_13' title="bbox 117 1391 1627 1449">
     <span class='ocr_line' id='line_1_21' title="bbox 117 1391 1627 1449; baseline -0.002 -16"><span class='ocrx_word' id='word_1_125' title='bbox 117 1395 209 1434; x_wconf 76' lang='lat' dir='ltr'>ae‘re</span> <span class='ocrx_word' id='word_1_126' title='bbox 228 1403 304 1449; x_wconf 75' lang='lat' dir='ltr'>quo</span> <span class='ocrx_word' id='word_1_127' title='bbox 319 1393 484 1440; x_wconf 81' lang='lat' dir='ltr'>portari</span> <span class='ocrx_word' id='word_1_128' title='bbox 506 1391 645 1437; x_wconf 81' lang='lat' dir='ltr'>solent,</span> <span class='ocrx_word' id='word_1_129' title='bbox 670 1391 884 1429; x_wconf 80' lang='lat' dir='ltr'>concidunt</span> <span class='ocrx_word' id='word_1_130' title='bbox 909 1403 989 1430; x_wconf 86' lang='lat' dir='ltr'>non</span> <span class='ocrx_word' id='word_1_131' title='bbox 1015 1392 1134 1430; x_wconf 86' lang='lat' dir='ltr'>odore</span> <span class='ocrx_word' id='word_1_132' title='bbox 1158 1392 1227 1430; x_wconf 82' lang='lat' dir='ltr'>sed</span> <span class='ocrx_word' id='word_1_133' title='bbox 1238 1392 1434 1448; x_wconf 40' lang='lat' dir='ltr'>‚ponder-e.</span> <span class='ocrx_word' id='word_1_134' title='bbox 1452 1391 1530 1437; x_wconf 90' lang='lat' dir='ltr'>Qui</span> <span class='ocrx_word' id='word_1_135' title='bbox 1546 1393 1627 1430; x_wconf 91' lang='lat' dir='ltr'>Lu-</span> 
     </span>
    </p>
   </div>
   <div class='ocr_carea' id='block_1_13' title="bbox 44 1431 1627 1537">
    <p class='ocr_par' dir='ltr' id='par_1_14' title="bbox 44 1431 1627 1537">
     <span class='ocr_line' id='line_1_22' title="bbox 47 1431 1626 1490; baseline -0.001 -10"><span class='ocrx_word' id='word_1_136' title='bbox 47 1454 54 1467; x_wconf 69' lang='lat'>1</span> <span class='ocrx_word' id='word_1_137' title='bbox 117 1438 247 1490; x_wconf 80' lang='lat' dir='ltr'>orezio</span> <span class='ocrx_word' id='word_1_138' title='bbox 263 1431 352 1478; x_wconf 79' lang='lat' dir='ltr'>dice</span> <span class='ocrx_word' id='word_1_139' title='bbox 373 1438 459 1478; x_wconf 76' lang='lat' dir='ltr'>solo</span> <span class='ocrx_word' id='word_1_140' title='bbox 480 1441 540 1478; x_wconf 79' lang='lat' dir='ltr'>vis</span> <span class='ocrx_word' id='word_1_141' title='bbox 556 1443 672 1487; x_wconf 78' lang='lat' dir='ltr'>atque</span> <span class='ocrx_word' id='word_1_142' title='bbox 693 1443 827 1477; x_wconf 79' lang='lat' dir='ltr'>aestus</span> <span class='ocrx_word' id='word_1_143' title='bbox 844 1439 1002 1477; x_wconf 83' lang='lat' dir='ltr'>Averni</span> <span class='ocrx_word' id='word_1_144' title='bbox 1008 1453 1024 1486; x_wconf 91' lang='lat'><em>;</em></span> <span class='ocrx_word' id='word_1_145' title='bbox 1041 1451 1106 1478; x_wconf 88' lang='lat' dir='ltr'>ma</span> <span class='ocrx_word' id='word_1_146' title='bbox 1124 1439 1198 1477; x_wconf 89' lang='lat' dir='ltr'>ehe</span> <span class='ocrx_word' id='word_1_147' title='bbox 1216 1452 1275 1478; x_wconf 77' lang='lat' dir='ltr'>Sla</span> <span class='ocrx_word' id='word_1_148' title='bbox 1290 1439 1469 1478; x_wconf 87' lang='lat' dir='ltr'>sulfureo</span> <span class='ocrx_word' id='word_1_149' title='bbox 1488 1440 1626 1479; x_wconf 82' lang='lat' dir='ltr'>Servio</span> 
     </span>
     <span class='ocr_line' id='line_1_23' title="bbox 44 1485 1627 1537; baseline -0.001 -10"><span class='ocrx_word' id='word_1_150' title='bbox 44 1534 45 1537; x_wconf 11' lang='grc' dir='ltr'><strong>Ἴ</strong></span> <span class='ocrx_word' id='word_1_151' title='bbox 116 1487 205 1528; x_wconf 85' lang='lat' dir='ltr'>l’ha</span> <span class='ocrx_word' id='word_1_152' title='bbox 222 1485 275 1526; x_wconf 82' lang='lat' dir='ltr'>da</span> <span class='ocrx_word' id='word_1_153' title='bbox 297 1488 381 1533; x_wconf 74' lang='lat'>747,</span> <span class='ocrx_word' id='word_1_154' title='bbox 401 1499 512 1527; x_wconf 83' lang='lat' dir='ltr'>come</span> <span class='ocrx_word' id='word_1_155' title='bbox 534 1487 614 1526; x_wconf 88' lang='lat' dir='ltr'>ben</span> <span class='ocrx_word' id='word_1_156' title='bbox 635 1497 799 1526; x_wconf 83' lang='lat' dir='ltr'>osserva</span> <span class='ocrx_word' id='word_1_157' title='bbox 818 1486 845 1524; x_wconf 90' lang='lat' dir='ltr'>il</span> <span class='ocrx_word' id='word_1_158' title='bbox 864 1487 987 1525; x_wconf 86' lang='lat' dir='ltr'>Laeh.</span> <span class='ocrx_word' id='word_1_159' title='bbox 1084 1509 1132 1515; x_wconf 94' lang='lat'><strong>—</strong></span> <span class='ocrx_word' id='word_1_160' title='bbox 1154 1487 1239 1525; x_wconf 79' lang='grc'><strong>832.</strong></span> <span class='ocrx_word' id='word_1_161' title='bbox 1258 1500 1399 1535; x_wconf 82' lang='lat' dir='ltr'>prope.</span> <span class='ocrx_word' id='word_1_162' title='bbox 1413 1518 1421 1525; x_wconf 90' lang='lat'><em>.</em></span> <span class='ocrx_word' id='word_1_163' title='bbox 1435 1517 1443 1526; x_wconf 90' lang='lat'><strong>.</strong></span> <span class='ocrx_word' id='word_1_164' title='bbox 1466 1490 1627 1535; x_wconf 75' lang='lat' dir='ltr'>inan-is;</span> 
     </span>
    </p>
   </div>
   <div class='ocr_carea' id='block_1_14' title="bbox 118 1534 1626 1583">
    <p class='ocr_par' dir='ltr' id='par_1_15' title="bbox 118 1534 1626 1583">
     <span class='ocr_line' id='line_1_24' title="bbox 118 1534 1626 1583; baseline -0.001 -7"><span class='ocrx_word' id='word_1_165' title='bbox 118 1534 192 1576; x_wconf 66' lang='lat' dir='ltr'>ohe</span> <span class='ocrx_word' id='word_1_166' title='bbox 217 1534 270 1575; x_wconf 80' lang='lat' dir='ltr'>ad</span> <span class='ocrx_word' id='word_1_167' title='bbox 294 1535 391 1583; x_wconf 74' lang='lat' dir='ltr'>ogni</span> <span class='ocrx_word' id='word_1_168' title='bbox 417 1535 533 1574; x_wconf 89' lang='lat' dir='ltr'>modo</span> <span class='ocrx_word' id='word_1_169' title='bbox 559 1534 616 1574; x_wconf 76' lang='lat' dir='ltr'>e’e</span> <span class='ocrx_word' id='word_1_170' title='bbox 653 1534 816 1574; x_wconf 85' lang='lat' dir='ltr'>eodesta</span> <span class='ocrx_word' id='word_1_171' title='bbox 843 1535 1089 1582; x_wconf 77' lang='lat' dir='ltr'>esalazione3</span> <span class='ocrx_word' id='word_1_172' title='bbox 1116 1535 1156 1573; x_wconf 86' lang='lat' dir='ltr'>la</span> <span class='ocrx_word' id='word_1_173' title='bbox 1182 1536 1302 1581; x_wconf 84' lang='lat' dir='ltr'>quale</span> <span class='ocrx_word' id='word_1_174' title='bbox 1328 1547 1439 1574; x_wconf 83' lang='lat' dir='ltr'>come</span> <span class='ocrx_word' id='word_1_175' title='bbox 1466 1536 1499 1574; x_wconf 90' lang='lat' dir='ltr'>si</span> <span class='ocrx_word' id='word_1_176' title='bbox 1525 1536 1626 1575; x_wconf 85' lang='lat' dir='ltr'>vede</span> 
     </span>
    </p>
   </div>
   <div class='ocr_carea' id='block_1_15' title="bbox 46 1582 1626 1630">
    <p class='ocr_par' dir='ltr' id='par_1_16' title="bbox 46 1582 1626 1630">
     <span class='ocr_line' id='line_1_25' title="bbox 46 1582 1626 1630; baseline -0.001 -6"><span class='ocrx_word' id='word_1_177' title='bbox 46 1611 47 1614; x_wconf 59' lang='lat'><em>=</em></span> <span class='ocrx_word' id='word_1_178' title='bbox 117 1583 140 1624; x_wconf 74' lang='grc' dir='ltr'>ὁ</span> <span class='ocrx_word' id='word_1_179' title='bbox 165 1582 420 1624; x_wconf 74' lang='lat' dir='ltr'>considerata</span> <span class='ocrx_word' id='word_1_180' title='bbox 459 1583 511 1622; x_wconf 82' lang='lat' dir='ltr'>da</span> <span class='ocrx_word' id='word_1_181' title='bbox 544 1582 739 1622; x_wconf 84' lang='lat' dir='ltr'>Luerezio</span> <span class='ocrx_word' id='word_1_182' title='bbox 777 1595 888 1621; x_wconf 87' lang='lat' dir='ltr'>come</span> <span class='ocrx_word' id='word_1_183' title='bbox 926 1582 966 1620; x_wconf 88' lang='lat' dir='ltr'>di</span> <span class='ocrx_word' id='word_1_184' title='bbox 1005 1595 1107 1628; x_wconf 83' lang='lat' dir='ltr'>gran</span> <span class='ocrx_word' id='word_1_185' title='bbox 1146 1583 1271 1629; x_wconf 81' lang='lat' dir='ltr'>lunga</span> <span class='ocrx_word' id='word_1_186' title='bbox 1311 1583 1382 1630; x_wconf 77' lang='lat' dir='ltr'>piu</span> <span class='ocrx_word' id='word_1_187' title='bbox 1418 1596 1512 1622; x_wconf 88' lang='lat' dir='ltr'>rara</span> <span class='ocrx_word' id='word_1_188' title='bbox 1547 1584 1626 1622; x_wconf 87' lang='lat' dir='ltr'>del-</span> 
     </span>
    </p>
   </div>
   <div class='ocr_carea' id='block_1_16' title="bbox 115 1630 1627 1776">
    <p class='ocr_par' dir='ltr' id='par_1_17' title="bbox 115 1630 1627 1776">
     <span class='ocr_line' id='line_1_26' title="bbox 115 1630 1627 1679; baseline 0 -8"><span class='ocrx_word' id='word_1_189' title='bbox 115 1631 252 1671; x_wconf 86' lang='lat' dir='ltr'>l’aria.</span> <span class='ocrx_word' id='word_1_190' title='bbox 366 1651 410 1662; x_wconf 61' lang='grc'>«-</span> <span class='ocrx_word' id='word_1_191' title='bbox 430 1631 512 1668; x_wconf 74' lang='grc'><em>883.</em></span> <span class='ocrx_word' id='word_1_192' title='bbox 533 1631 605 1670; x_wconf 83' lang='lat' dir='ltr'>cfr.</span> <span class='ocrx_word' id='word_1_193' title='bbox 631 1632 713 1669; x_wconf 77' lang='lat'>742.</span> <span class='ocrx_word' id='word_1_194' title='bbox 825 1651 870 1656; x_wconf 97' lang='lat'><strong>—</strong></span> <span class='ocrx_word' id='word_1_195' title='bbox 897 1633 1012 1669; x_wconf 81' lang='lat' dir='ltr'><em>cuius</em></span> <span class='ocrx_word' id='word_1_196' title='bbox 1038 1643 1057 1669; x_wconf 89' lang='lat' dir='ltr'>e</span> <span class='ocrx_word' id='word_1_197' title='bbox 1082 1633 1241 1679; x_wconf 71' lang='lat' dir='ltr'>reqione</span> <span class='ocrx_word' id='word_1_198' title='bbox 1267 1632 1346 1670; x_wconf 78' lang='lat' dir='ltr'><em>loci</em></span> <span class='ocrx_word' id='word_1_199' title='bbox 1380 1630 1396 1647; x_wconf 88' lang='lat'>“</span> <span class='ocrx_word' id='word_1_200' title='bbox 1413 1632 1627 1675; x_wconf 86' lang='lat' dir='ltr'>(venendo)</span> 
     </span>
     <span class='ocr_line' id='line_1_27' title="bbox 116 1678 1626 1737; baseline -0.001 -18"><span class='ocrx_word' id='word_1_201' title='bbox 116 1681 159 1719; x_wconf 86' lang='lat' dir='ltr'>in</span> <span class='ocrx_word' id='word_1_202' title='bbox 195 1678 304 1719; x_wconf 85' lang='lat' dir='ltr'>linea</span> <span class='ocrx_word' id='word_1_203' title='bbox 339 1678 670 1737; x_wconf 75' lang='lat' dir='ltr'>perpendicolare</span> <span class='ocrx_word' id='word_1_204' title='bbox 706 1691 731 1717; x_wconf 83' lang='lat' dir='ltr'>a</span> <span class='ocrx_word' id='word_1_205' title='bbox 771 1681 916 1737; x_wconf 81' lang='lat' dir='ltr'>questa</span> <span class='ocrx_word' id='word_1_206' title='bbox 953 1678 1059 1717; x_wconf 85' lang='lat' dir='ltr'>della</span> <span class='ocrx_word' id='word_1_207' title='bbox 1097 1679 1267 1718; x_wconf 82' lang='lat' dir='ltr'>colonna</span> <span class='ocrx_word' id='word_1_208' title='bbox 1307 1679 1414 1718; x_wconf 87' lang='lat' dir='ltr'>senz&#39;</span> <span class='ocrx_word' id='word_1_209' title='bbox 1428 1680 1537 1726; x_wconf 87' lang='lat' dir='ltr'>aria,</span> <span class='ocrx_word' id='word_1_210' title='bbox 1576 1680 1626 1718; x_wconf 91' lang='lat' dir='ltr'>ed</span> 
     </span>
     <span class='ocr_line' id='line_1_28' title="bbox 117 1727 1627 1776; baseline -0.001 -8"><span class='ocrx_word' id='word_1_211' title='bbox 117 1727 358 1768; x_wconf 67' lang='lat' dir='ltr'>eutrandum</span> <span class='ocrx_word' id='word_1_212' title='bbox 377 1756 416 1774; x_wconf 83' lang='lat'>,.</span> <span class='ocrx_word' id='word_1_213' title='bbox 514 1748 561 1753; x_wconf 80' lang='lat'>-—</span> <span class='ocrx_word' id='word_1_214' title='bbox 585 1727 673 1766; x_wconf 77' lang='lat'><strong>835.</strong></span> <span class='ocrx_word' id='word_1_215' title='bbox 698 1731 897 1774; x_wconf 67' lang='lat' dir='ltr'>utramque</span> <span class='ocrx_word' id='word_1_216' title='bbox 923 1727 1084 1765; x_wconf 77' lang='lat' dir='ltr'>alarum</span> <span class='ocrx_word' id='word_1_217' title='bbox 1106 1727 1178 1766; x_wconf 76' lang='lat' dir='ltr'>ofr-</span> <span class='ocrx_word' id='word_1_218' title='bbox 1200 1729 1268 1766; x_wconf 84' lang='lat'>551</span> <span class='ocrx_word' id='word_1_219' title='bbox 1296 1729 1495 1776; x_wconf 76' lang='lat' dir='ltr'>utrimque</span> <span class='ocrx_word' id='word_1_220' title='bbox 1519 1733 1627 1768; x_wconf 80' lang='lat' dir='ltr'>rota-</span> 
     </span>
    </p>
   </div>
   <div class='ocr_carea' id='block_1_17' title="bbox 18 1766 1626 1825">
    <p class='ocr_par' dir='ltr' id='par_1_18' title="bbox 18 1766 1626 1825">
     <span class='ocr_line' id='line_1_29' title="bbox 18 1766 1626 1825; baseline -0.001 -9"><span class='ocrx_word' id='word_1_221' title='bbox 18 1766 22 1810; x_wconf 75' lang='lat' dir='ltr'><strong><em>f</em></strong></span> <span class='ocrx_word' id='word_1_222' title='bbox 40 1775 49 1825; x_wconf 73' lang='grc' dir='ltr'>ζ</span> <span class='ocrx_word' id='word_1_223' title='bbox 117 1789 220 1815; x_wconf 82' lang='lat' dir='ltr'>rum.</span> <span class='ocrx_word' id='word_1_224' title='bbox 297 1797 336 1802; x_wconf 83' lang='lat'><em>-</em></span> <span class='ocrx_word' id='word_1_225' title='bbox 359 1776 631 1822; x_wconf 73' lang='lat' dir='ltr'>sae.m·xar2·‚·</span> <span class='ocrx_word' id='word_1_226' title='bbox 651 1775 1084 1813; x_wconf 78' lang='lat' dir='ltr'>cfr.111998.1V504.</span> <span class='ocrx_word' id='word_1_227' title='bbox 1134 1775 1626 1823; x_wconf 72' lang='lat' dir='ltr'>—837.p0mzere‚·“n0n</span> 
     </span>
    </p>
   </div>
   <div class='ocr_carea' id='block_1_18' title="bbox 116 1822 1627 1964">
    <p class='ocr_par' dir='ltr' id='par_1_19' title="bbox 116 1822 1627 1964">
     <span class='ocr_line' id='line_1_30' title="bbox 117 1822 1627 1872; baseline -0.001 -7"><span class='ocrx_word' id='word_1_228' title='bbox 117 1825 237 1865; x_wconf 81' lang='lat' dir='ltr'>odore</span> <span class='ocrx_word' id='word_1_229' title='bbox 257 1825 385 1871; x_wconf 77' lang='lat' dir='ltr'>(come</span> <span class='ocrx_word' id='word_1_230' title='bbox 405 1825 540 1872; x_wconf 80' lang='lat' dir='ltr'>sopra)</span> <span class='ocrx_word' id='word_1_231' title='bbox 559 1823 629 1862; x_wconf 78' lang='lat' dir='ltr'>sed</span> <span class='ocrx_word' id='word_1_232' title='bbox 641 1823 815 1870; x_wconf 84' lang='lat' dir='ltr'>pondere</span> <span class='ocrx_word' id='word_1_233' title='bbox 834 1850 851 1866; x_wconf 87' lang='lat'>,‚</span> <span class='ocrx_word' id='word_1_234' title='bbox 873 1835 984 1861; x_wconf 86' lang='lat' dir='ltr'>come</span> <span class='ocrx_word' id='word_1_235' title='bbox 1003 1822 1089 1861; x_wconf 84' lang='lat' dir='ltr'>dice</span> <span class='ocrx_word' id='word_1_236' title='bbox 1108 1823 1259 1862; x_wconf 85' lang='lat' dir='ltr'>Servio.</span> <span class='ocrx_word' id='word_1_237' title='bbox 1335 1844 1376 1849; x_wconf 86' lang='lat'>—-</span> <span class='ocrx_word' id='word_1_238' title='bbox 1399 1823 1485 1862; x_wconf 81' lang='lat'><strong>838.</strong></span> <span class='ocrx_word' id='word_1_239' title='bbox 1501 1837 1627 1872; x_wconf 80' lang='lat' dir='ltr'>prope</span> 
     </span>
     <span class='ocr_line' id='line_1_31' title="bbox 117 1870 1626 1919; baseline -0.001 -7"><span class='ocrx_word' id='word_1_240' title='bbox 117 1874 316 1918; x_wconf 53' lang='lat' dir='ltr'>iacentem</span> <span class='ocrx_word' id='word_1_241' title='bbox 344 1871 363 1889; x_wconf 72' lang='lat'>‘⁸</span> <span class='ocrx_word' id='word_1_242' title='bbox 377 1885 452 1912; x_wconf 84' lang='lat' dir='ltr'>eon</span> <span class='ocrx_word' id='word_1_243' title='bbox 469 1885 525 1910; x_wconf 93' lang='lat' dir='ltr'>un</span> <span class='ocrx_word' id='word_1_244' title='bbox 543 1870 785 1910; x_wconf 87' lang='lat' dir='ltr'>abbandono</span> <span class='ocrx_word' id='word_1_245' title='bbox 807 1870 847 1908; x_wconf 91' lang='lat' dir='ltr'>di</span> <span class='ocrx_word' id='word_1_246' title='bbox 868 1871 978 1918; x_wconf 85' lang='lat' dir='ltr'>corpi</span> <span class='ocrx_word' id='word_1_247' title='bbox 1000 1872 1117 1909; x_wconf 87' lang='lat' dir='ltr'>morti</span> <span class='ocrx_word' id='word_1_248' title='bbox 1137 1901 1153 1918; x_wconf 91' lang='lat'>„</span> <span class='ocrx_word' id='word_1_249' title='bbox 1175 1871 1242 1917; x_wconf 71' lang='lat' dir='ltr'>gia</span> <span class='ocrx_word' id='word_1_250' title='bbox 1263 1872 1392 1918; x_wconf 86' lang='lat' dir='ltr'>prima</span> <span class='ocrx_word' id='word_1_251' title='bbox 1412 1871 1451 1910; x_wconf 92' lang='lat' dir='ltr'>di</span> <span class='ocrx_word' id='word_1_252' title='bbox 1470 1872 1626 1919; x_wconf 86' lang='lat' dir='ltr'>eadere,</span> 
     </span>
     <span class='ocr_line' id='line_1_32' title="bbox 116 1918 1626 1964; baseline -0.001 -4"><span class='ocrx_word' id='word_1_253' title='bbox 116 1932 267 1961; x_wconf 78' lang='lat' dir='ltr'>ancora</span> <span class='ocrx_word' id='word_1_254' title='bbox 285 1920 397 1959; x_wconf 72' lang='lat' dir='ltr'>lassu</span> <span class='ocrx_word' id='word_1_255' title='bbox 416 1920 593 1959; x_wconf 88' lang='lat' dir='ltr'>immersi</span> <span class='ocrx_word' id='word_1_256' title='bbox 619 1918 687 1958; x_wconf 88' lang='lat' dir='ltr'>nel</span> <span class='ocrx_word' id='word_1_257' title='bbox 711 1921 847 1958; x_wconf 84' lang='lat' dir='ltr'>vuoto.</span> <span class='ocrx_word' id='word_1_258' title='bbox 873 1918 908 1956; x_wconf 89' lang='lat' dir='ltr'>Il</span> <span class='ocrx_word' id='word_1_259' title='bbox 934 1919 1055 1964; x_wconf 87' lang='lat' dir='ltr'>quale</span> <span class='ocrx_word' id='word_1_260' title='bbox 1081 1931 1247 1958; x_wconf 83' lang='lat' dir='ltr'>vacuum</span> <span class='ocrx_word' id='word_1_261' title='bbox 1273 1922 1396 1958; x_wconf 80' lang='lat' dir='ltr'>inane</span> <span class='ocrx_word' id='word_1_262' title='bbox 1417 1932 1497 1958; x_wconf 92' lang='lat' dir='ltr'>non</span> <span class='ocrx_word' id='word_1_263' title='bbox 1518 1921 1551 1958; x_wconf 84' lang='lat' dir='ltr'>si</span> <span class='ocrx_word' id='word_1_264' title='bbox 1573 1921 1626 1959; x_wconf 89' lang='lat' dir='ltr'>ri—</span> 
     </span>
    </p>
   </div>
   <div class='ocr_carea' id='block_1_19' title="bbox 45 1966 1627 2015">
    <p class='ocr_par' dir='ltr' id='par_1_20' title="bbox 23 1957 1627 2015">
     <span class='ocr_line' id='line_1_33' title="bbox 45 1966 1627 2015; baseline -0.001 -7.014"><span class='ocrx_word' id='word_1_265' title='bbox 45 2006 49 2008; x_wconf 71' lang='grc'>,</span> <span class='ocrx_word' id='word_1_266' title='bbox 116 1966 263 2008; x_wconf 66' lang='lat' dir='ltr'>fon-iseo</span> <span class='ocrx_word' id='word_1_267' title='bbox 288 1968 372 2008; x_wconf 81' lang='lat' dir='ltr'>solo</span> <span class='ocrx_word' id='word_1_268' title='bbox 393 1981 420 2008; x_wconf 88' lang='lat' dir='ltr'>a</span> <span class='ocrx_word' id='word_1_269' title='bbox 445 1971 620 2007; x_wconf 81' lang='lat' dir='ltr'>iacentes</span> <span class='ocrx_word' id='word_1_270' title='bbox 643 1980 709 2005; x_wconf 89' lang='lat' dir='ltr'>ma</span> <span class='ocrx_word' id='word_1_271' title='bbox 734 1967 863 2006; x_wconf 79' lang='lat' dir='ltr'>anche</span> <span class='ocrx_word' id='word_1_272' title='bbox 889 1978 915 2004; x_wconf 82' lang='lat' dir='ltr'>a</span> <span class='ocrx_word' id='word_1_273' title='bbox 941 1968 1176 2015; x_wconf 71' lang='lat' dir='ltr'>disperyunt</span> <span class='ocrx_word' id='word_1_274' title='bbox 1201 1969 1361 2006; x_wconf 83' lang='lat' dir='ltr'>animas</span> <span class='ocrx_word' id='word_1_275' title='bbox 1374 1981 1388 2012; x_wconf 91' lang='lat'>,·</span> <span class='ocrx_word' id='word_1_276' title='bbox 1415 1969 1520 2007; x_wconf 87' lang='lat' dir='ltr'>ossia</span> <span class='ocrx_word' id='word_1_277' title='bbox 1546 1981 1627 2007; x_wconf 88' lang='lat' dir='ltr'>non</span> 
     </span>
    </p>
   </div>
   <div class='ocr_carea' id='block_1_20' title="bbox 116 2015 1630 2542">
    <p class='ocr_par' dir='ltr' id='par_1_21' title="bbox 116 2015 1630 2542">
     <span class='ocr_line' id='line_1_34' title="bbox 116 2015 1627 2062; baseline -0.001 -6"><span class='ocrx_word' id='word_1_278' title='bbox 116 2016 139 2056; x_wconf 75' lang='grc' dir='ltr'><strong>ὃ</strong></span> <span class='ocrx_word' id='word_1_279' title='bbox 157 2016 334 2056; x_wconf 81' lang='lat' dir='ltr'>soltanto</span> <span class='ocrx_word' id='word_1_280' title='bbox 351 2028 474 2056; x_wconf 85' lang='lat' dir='ltr'>eausa</span> <span class='ocrx_word' id='word_1_281' title='bbox 491 2015 554 2055; x_wconf 86' lang='lat' dir='ltr'>del</span> <span class='ocrx_word' id='word_1_282' title='bbox 576 2018 708 2054; x_wconf 82' lang='lat' dir='ltr'>iacere</span> <span class='ocrx_word' id='word_1_283' title='bbox 727 2027 801 2061; x_wconf 86' lang='lat' dir='ltr'>per</span> <span class='ocrx_word' id='word_1_284' title='bbox 820 2018 1007 2054; x_wconf 81' lang='lat' dir='ltr'>maneato</span> <span class='ocrx_word' id='word_1_285' title='bbox 1028 2019 1217 2061; x_wconf 82' lang='lat' dir='ltr'>sostegno</span> <span class='ocrx_word' id='word_1_286' title='bbox 1235 2015 1314 2054; x_wconf 86' lang='lat' dir='ltr'>alle</span> <span class='ocrx_word' id='word_1_287' title='bbox 1330 2015 1397 2062; x_wconf 85' lang='lat' dir='ltr'>ali,</span> <span class='ocrx_word' id='word_1_288' title='bbox 1415 2029 1480 2054; x_wconf 84' lang='lat' dir='ltr'>ma</span> <span class='ocrx_word' id='word_1_289' title='bbox 1498 2017 1627 2055; x_wconf 84' lang='lat' dir='ltr'>anche</span> 
     </span>
     <span class='ocr_line' id='line_1_35' title="bbox 117 2062 1628 2118; baseline -0.001 -14"><span class='ocrx_word' id='word_1_290' title='bbox 117 2064 403 2104; x_wconf 83' lang='lat' dir='ltr'>direttamente</span> <span class='ocrx_word' id='word_1_291' title='bbox 425 2064 464 2103; x_wconf 91' lang='lat' dir='ltr'>di</span> <span class='ocrx_word' id='word_1_292' title='bbox 486 2067 614 2103; x_wconf 85' lang='lat' dir='ltr'>morte</span> <span class='ocrx_word' id='word_1_293' title='bbox 637 2063 783 2110; x_wconf 85' lang='lat' dir='ltr'>(prima</span> <span class='ocrx_word' id='word_1_294' title='bbox 808 2075 957 2118; x_wconf 74' lang='lat' dir='ltr'>ancora</span> <span class='ocrx_word' id='word_1_295' title='bbox 984 2062 1091 2102; x_wconf 87' lang='lat' dir='ltr'>della</span> <span class='ocrx_word' id='word_1_296' title='bbox 1118 2062 1280 2108; x_wconf 82' lang='lat' dir='ltr'>eaduta)</span> <span class='ocrx_word' id='word_1_297' title='bbox 1302 2076 1374 2110; x_wconf 88' lang='lat' dir='ltr'>per</span> <span class='ocrx_word' id='word_1_298' title='bbox 1406 2076 1628 2103; x_wconf 81' lang='lat' dir='ltr'>maneanza</span> 
     </span>
     <span class='ocr_line' id='line_1_36' title="bbox 117 2111 1628 2160; baseline -0.001 -8"><span class='ocrx_word' id='word_1_299' title='bbox 117 2112 157 2152; x_wconf 81' lang='lat' dir='ltr'>di</span> <span class='ocrx_word' id='word_1_300' title='bbox 188 2112 355 2160; x_wconf 76' lang='lat' dir='ltr'>respiro.</span> <span class='ocrx_word' id='word_1_301' title='bbox 381 2112 577 2152; x_wconf 85' lang='lat' dir='ltr'>Luerezio</span> <span class='ocrx_word' id='word_1_302' title='bbox 604 2112 637 2150; x_wconf 89' lang='lat' dir='ltr'>si</span> <span class='ocrx_word' id='word_1_303' title='bbox 665 2112 885 2157; x_wconf 80' lang='lat' dir='ltr'>immagma</span> <span class='ocrx_word' id='word_1_304' title='bbox 915 2111 1238 2157; x_wconf 87' lang='lat' dir='ltr'>probabilmente</span> <span class='ocrx_word' id='word_1_305' title='bbox 1264 2111 1304 2149; x_wconf 84' lang='lat' dir='ltr'>la</span> <span class='ocrx_word' id='word_1_306' title='bbox 1330 2123 1423 2150; x_wconf 82' lang='lat' dir='ltr'>cosa</span> <span class='ocrx_word' id='word_1_307' title='bbox 1455 2112 1563 2151; x_wconf 79' lang='lat' dir='ltr'>cosi:</span> <span class='ocrx_word' id='word_1_308' title='bbox 1589 2113 1628 2151; x_wconf 88' lang='lat' dir='ltr'>le</span> 
     </span>
     <span class='ocr_line' id='line_1_37' title="bbox 118 2159 1628 2209; baseline -0.001 -8"><span class='ocrx_word' id='word_1_309' title='bbox 118 2161 260 2201; x_wconf 85' lang='lat' dir='ltr'>caulae</span> <span class='ocrx_word' id='word_1_310' title='bbox 284 2163 465 2209; x_wconf 76' lang='lat' dir='ltr'>eorporis</span> <span class='ocrx_word' id='word_1_311' title='bbox 489 2172 587 2199; x_wconf 84' lang='lat' dir='ltr'>sono</span> <span class='ocrx_word' id='word_1_312' title='bbox 613 2171 770 2204; x_wconf 86' lang='lat' dir='ltr'>sempre</span> <span class='ocrx_word' id='word_1_313' title='bbox 796 2159 866 2205; x_wconf 76' lang='lat' dir='ltr'>piu</span> <span class='ocrx_word' id='word_1_314' title='bbox 888 2171 911 2197; x_wconf 96' lang='lat' dir='ltr'>o</span> <span class='ocrx_word' id='word_1_315' title='bbox 938 2171 1054 2198; x_wconf 90' lang='lat' dir='ltr'>meno</span> <span class='ocrx_word' id='word_1_316' title='bbox 1077 2164 1217 2205; x_wconf 87' lang='lat' dir='ltr'>aperte</span> <span class='ocrx_word' id='word_1_317' title='bbox 1244 2159 1452 2198; x_wconf 84' lang='lat' dir='ltr'>all&#39;useita</span> <span class='ocrx_word' id='word_1_318' title='bbox 1486 2159 1628 2199; x_wconf 86' lang='lat' dir='ltr'>dell’a-</span> 
     </span>
     <span class='ocr_line' id='line_1_38' title="bbox 120 2207 1628 2256; baseline 0 -9"><span class='ocrx_word' id='word_1_319' title='bbox 120 2209 238 2256; x_wconf 84' lang='lat' dir='ltr'>nima,</span> <span class='ocrx_word' id='word_1_320' title='bbox 271 2222 293 2248; x_wconf 94' lang='lat' dir='ltr'>e</span> <span class='ocrx_word' id='word_1_321' title='bbox 326 2221 408 2248; x_wconf 87' lang='lat' dir='ltr'>una</span> <span class='ocrx_word' id='word_1_322' title='bbox 447 2208 618 2255; x_wconf 79' lang='lat' dir='ltr'>qualche</span> <span class='ocrx_word' id='word_1_323' title='bbox 656 2211 785 2254; x_wconf 83' lang='lat' dir='ltr'>parte,</span> <span class='ocrx_word' id='word_1_324' title='bbox 818 2207 960 2253; x_wconf 82' lang='lat' dir='ltr'>anche,</span> <span class='ocrx_word' id='word_1_325' title='bbox 994 2207 1138 2253; x_wconf 86' lang='lat' dir='ltr'>sfugge</span> <span class='ocrx_word' id='word_1_326' title='bbox 1166 2207 1495 2246; x_wconf 87' lang='lat' dir='ltr'>continuamente</span> <span class='ocrx_word' id='word_1_327' title='bbox 1519 2209 1628 2247; x_wconf 85' lang='lat' dir='ltr'>nella</span> 
     </span>
     <span class='ocr_line' id='line_1_39' title="bbox 116 2255 1629 2304; baseline -0.001 -8"><span class='ocrx_word' id='word_1_328' title='bbox 116 2256 388 2304; x_wconf 71' lang='lat' dir='ltr'>respirazione</span> <span class='ocrx_word' id='word_1_329' title='bbox 413 2257 451 2303; x_wconf 92' lang='lat' dir='ltr'>(e</span> <span class='ocrx_word' id='word_1_330' title='bbox 471 2269 544 2304; x_wconf 86' lang='lat' dir='ltr'>per</span> <span class='ocrx_word' id='word_1_331' title='bbox 570 2257 673 2294; x_wconf 83' lang='lat' dir='ltr'>altre</span> <span class='ocrx_word' id='word_1_332' title='bbox 696 2255 866 2300; x_wconf 82' lang='lat' dir='ltr'>caulae);</span> <span class='ocrx_word' id='word_1_333' title='bbox 892 2267 958 2293; x_wconf 84' lang='lat' dir='ltr'>ma</span> <span class='ocrx_word' id='word_1_334' title='bbox 979 2260 1120 2301; x_wconf 84' lang='lat' dir='ltr'>queste</span> <span class='ocrx_word' id='word_1_335' title='bbox 1147 2255 1302 2301; x_wconf 88' lang='lat' dir='ltr'>perdite</span> <span class='ocrx_word' id='word_1_336' title='bbox 1328 2267 1398 2294; x_wconf 86' lang='lat' dir='ltr'>son</span> <span class='ocrx_word' id='word_1_337' title='bbox 1421 2256 1629 2296; x_wconf 84' lang='lat' dir='ltr'>continua·</span> 
     </span>
     <span class='ocr_line' id='line_1_40' title="bbox 120 2302 1628 2351; baseline -0.001 -6"><span class='ocrx_word' id='word_1_338' title='bbox 120 2310 252 2344; x_wconf 87' lang='lat' dir='ltr'>mente</span> <span class='ocrx_word' id='word_1_339' title='bbox 289 2305 486 2351; x_wconf 84' lang='lat' dir='ltr'>risareite,</span> <span class='ocrx_word' id='word_1_340' title='bbox 523 2307 751 2350; x_wconf 85' lang='lat' dir='ltr'>sopratutto</span> <span class='ocrx_word' id='word_1_341' title='bbox 788 2302 898 2341; x_wconf 84' lang='lat' dir='ltr'>dalla</span> <span class='ocrx_word' id='word_1_342' title='bbox 936 2303 1203 2349; x_wconf 86' lang='lat' dir='ltr'>inspirazione</span> <span class='ocrx_word' id='word_1_343' title='bbox 1235 2303 1413 2350; x_wconf 83' lang='lat' dir='ltr'>(quando</span> <span class='ocrx_word' id='word_1_344' title='bbox 1450 2304 1490 2342; x_wconf 86' lang='lat' dir='ltr'>la</span> <span class='ocrx_word' id='word_1_345' title='bbox 1527 2305 1628 2351; x_wconf 81' lang='lat' dir='ltr'>fuga</span> 
     </span>
     <span class='ocr_line' id='line_1_41' title="bbox 118 2350 1627 2400; baseline -0.001 -8"><span class='ocrx_word' id='word_1_346' title='bbox 118 2352 292 2392; x_wconf 79' lang='lat' dir='ltr'>d’anima</span> <span class='ocrx_word' id='word_1_347' title='bbox 317 2353 339 2392; x_wconf 82' lang='grc' dir='ltr'>ὸ</span> <span class='ocrx_word' id='word_1_348' title='bbox 363 2366 418 2392; x_wconf 89' lang='lat' dir='ltr'>un</span> <span class='ocrx_word' id='word_1_349' title='bbox 445 2352 735 2400; x_wconf 78' lang='lat' dir='ltr'>po’maggiore,</span> <span class='ocrx_word' id='word_1_350' title='bbox 762 2350 783 2389; x_wconf 78' lang='grc' dir='ltr'>ὲ</span> <span class='ocrx_word' id='word_1_351' title='bbox 809 2363 891 2388; x_wconf 85' lang='lat' dir='ltr'>una</span> <span class='ocrx_word' id='word_1_352' title='bbox 918 2350 1022 2390; x_wconf 79' lang='lat' dir='ltr'>delle</span> <span class='ocrx_word' id='word_1_353' title='bbox 1049 2364 1169 2390; x_wconf 83' lang='lat' dir='ltr'>cause</span> <span class='ocrx_word' id='word_1_354' title='bbox 1193 2350 1258 2389; x_wconf 89' lang='lat' dir='ltr'>del</span> <span class='ocrx_word' id='word_1_355' title='bbox 1281 2363 1420 2394; x_wconf 89' lang='lat' dir='ltr'>sonno,</span> <span class='ocrx_word' id='word_1_356' title='bbox 1446 2352 1506 2390; x_wconf 90' lang='lat' dir='ltr'>IV</span> <span class='ocrx_word' id='word_1_357' title='bbox 1530 2354 1627 2398; x_wconf 85' lang='lat'>919).</span> 
     </span>
     <span class='ocr_line' id='line_1_42' title="bbox 117 2399 1628 2448; baseline -0.001 -8"><span class='ocrx_word' id='word_1_358' title='bbox 117 2401 154 2440; x_wconf 93' lang='lat' dir='ltr'>ll</span> <span class='ocrx_word' id='word_1_359' title='bbox 180 2413 300 2448; x_wconf 78' lang='lat' dir='ltr'>corpo</span> <span class='ocrx_word' id='word_1_360' title='bbox 327 2401 418 2440; x_wconf 86' lang='lat' dir='ltr'>vale</span> <span class='ocrx_word' id='word_1_361' title='bbox 445 2414 469 2439; x_wconf 81' lang='lat' dir='ltr'>a</span> <span class='ocrx_word' id='word_1_362' title='bbox 494 2405 634 2440; x_wconf 89' lang='lat' dir='ltr'>tenere</span> <span class='ocrx_word' id='word_1_363' title='bbox 671 2399 814 2438; x_wconf 87' lang='lat' dir='ltr'>dentro</span> <span class='ocrx_word' id='word_1_364' title='bbox 853 2399 1029 2438; x_wconf 79' lang='lat' dir='ltr'>raccolto</span> <span class='ocrx_word' id='word_1_365' title='bbox 1057 2399 1085 2437; x_wconf 93' lang='lat' dir='ltr'>il</span> <span class='ocrx_word' id='word_1_366' title='bbox 1113 2411 1250 2446; x_wconf 74' lang='lat' dir='ltr'>grosso</span> <span class='ocrx_word' id='word_1_367' title='bbox 1289 2399 1381 2438; x_wconf 91' lang='lat' dir='ltr'>dell‘</span> <span class='ocrx_word' id='word_1_368' title='bbox 1394 2400 1530 2438; x_wconf 85' lang='lat' dir='ltr'>anima</span> <span class='ocrx_word' id='word_1_369' title='bbox 1556 2413 1577 2439; x_wconf 90' lang='lat' dir='ltr'>e</span> <span class='ocrx_word' id='word_1_370' title='bbox 1604 2413 1628 2438; x_wconf 87' lang='lat' dir='ltr'>a</span> 
     </span>
     <span class='ocr_line' id='line_1_43' title="bbox 118 2446 1628 2496; baseline -0.001 -8"><span class='ocrx_word' id='word_1_371' title='bbox 118 2449 383 2496; x_wconf 79' lang='lat' dir='ltr'>eostriugerla</span> <span class='ocrx_word' id='word_1_372' title='bbox 405 2451 449 2488; x_wconf 77' lang='lat' dir='ltr'>ai-</span> <span class='ocrx_word' id='word_1_373' title='bbox 469 2449 567 2488; x_wconf 79' lang='lat' dir='ltr'>moti</span> <span class='ocrx_word' id='word_1_374' title='bbox 594 2447 723 2495; x_wconf 81' lang='lat' dir='ltr'>vitali,</span> <span class='ocrx_word' id='word_1_375' title='bbox 750 2446 906 2485; x_wconf 84' lang='lat' dir='ltr'>aiutato</span> <span class='ocrx_word' id='word_1_376' title='bbox 931 2447 973 2485; x_wconf 90' lang='lat' dir='ltr'>in</span> <span class='ocrx_word' id='word_1_377' title='bbox 999 2447 1060 2486; x_wconf 81' lang='lat' dir='ltr'>cio</span> <span class='ocrx_word' id='word_1_378' title='bbox 1086 2447 1214 2486; x_wconf 82' lang='lat' dir='ltr'>anche</span> <span class='ocrx_word' id='word_1_379' title='bbox 1242 2446 1432 2486; x_wconf 84' lang='lat' dir='ltr'>dall’aria</span> <span class='ocrx_word' id='word_1_380' title='bbox 1453 2451 1628 2495; x_wconf 82' lang='lat' dir='ltr'>esterna,</span> 
     </span>
     <span class='ocr_line' id='line_1_44' title="bbox 118 2494 1630 2542; baseline -0.001 -6"><span class='ocrx_word' id='word_1_381' title='bbox 118 2509 199 2536; x_wconf 86' lang='lat' dir='ltr'>non</span> <span class='ocrx_word' id='word_1_382' title='bbox 217 2497 303 2536; x_wconf 76' lang='lat' dir='ltr'>solo</span> <span class='ocrx_word' id='word_1_383' title='bbox 320 2509 431 2537; x_wconf 79' lang='lat' dir='ltr'>come</span> <span class='ocrx_word' id='word_1_384' title='bbox 448 2497 686 2542; x_wconf 75' lang='lat' dir='ltr'>risamente,</span> <span class='ocrx_word' id='word_1_385' title='bbox 709 2507 775 2533; x_wconf 86' lang='lat' dir='ltr'>ma</span> <span class='ocrx_word' id='word_1_386' title='bbox 797 2494 925 2533; x_wconf 82' lang='lat' dir='ltr'>anche</span> <span class='ocrx_word' id='word_1_387' title='bbox 952 2507 1061 2533; x_wconf 83' lang='lat' dir='ltr'>come</span> <span class='ocrx_word' id='word_1_388' title='bbox 1088 2498 1316 2542; x_wconf 88' lang='lat' dir='ltr'>opponente</span> <span class='ocrx_word' id='word_1_389' title='bbox 1342 2508 1398 2533; x_wconf 92' lang='lat' dir='ltr'>un</span> <span class='ocrx_word' id='word_1_390' title='bbox 1419 2495 1630 2542; x_wconf 87' lang='lat' dir='ltr'>po’d&#39;osta-</span> 
     </span>
    </p>
   </div>
   <div class='ocr_carea' id='block_1_21' title="bbox 78 2542 1629 2595">
    <p class='ocr_par' dir='ltr' id='par_1_22' title="bbox 78 2542 1629 2595">
     <span class='ocr_line' id='line_1_45' title="bbox 78 2542 1629 2595; baseline -0.001 -11"><span class='ocrx_word' id='word_1_391' title='bbox 78 2586 85 2595; x_wconf 39' lang='lat'>2</span> <span class='ocrx_word' id='word_1_392' title='bbox 117 2544 206 2585; x_wconf 79' lang='lat' dir='ltr'>eolo</span> <span class='ocrx_word' id='word_1_393' title='bbox 224 2544 303 2584; x_wconf 88' lang='lat' dir='ltr'>alle</span> <span class='ocrx_word' id='word_1_394' title='bbox 320 2545 468 2584; x_wconf 81' lang='lat' dir='ltr'>useite:</span> <span class='ocrx_word' id='word_1_395' title='bbox 495 2558 537 2584; x_wconf 85' lang='lat' dir='ltr'>se</span> <span class='ocrx_word' id='word_1_396' title='bbox 563 2556 706 2582; x_wconf 84' lang='lat' dir='ltr'>manea</span> <span class='ocrx_word' id='word_1_397' title='bbox 732 2548 874 2589; x_wconf 81' lang='lat' dir='ltr'>questo</span> <span class='ocrx_word' id='word_1_398' title='bbox 901 2542 1048 2589; x_wconf 85' lang='lat' dir='ltr'>doppio</span> <span class='ocrx_word' id='word_1_399' title='bbox 1074 2545 1198 2588; x_wconf 84' lang='lat' dir='ltr'>aiuto,</span> <span class='ocrx_word' id='word_1_400' title='bbox 1220 2543 1248 2581; x_wconf 91' lang='lat' dir='ltr'>il</span> <span class='ocrx_word' id='word_1_401' title='bbox 1275 2555 1396 2588; x_wconf 82' lang='lat' dir='ltr'>corpo</span> <span class='ocrx_word' id='word_1_402' title='bbox 1414 2556 1493 2582; x_wconf 90' lang='lat' dir='ltr'>non</span> <span class='ocrx_word' id='word_1_403' title='bbox 1515 2543 1536 2582; x_wconf 79' lang='grc' dir='ltr'>ὲ</span> <span class='ocrx_word' id='word_1_404' title='bbox 1559 2544 1629 2590; x_wconf 74' lang='lat' dir='ltr'>piu</span> 
     </span>
    </p>
   </div>
   <div class='ocr_carea' id='block_1_22' title="bbox 116 2591 1629 2833">
    <p class='ocr_par' dir='ltr' id='par_1_23' title="bbox 116 2591 1629 2833">
     <span class='ocr_line' id='line_1_46' title="bbox 116 2591 1629 2641; baseline -0.001 -9"><span class='ocrx_word' id='word_1_405' title='bbox 116 2593 160 2632; x_wconf 84' lang='lat' dir='ltr'>in</span> <span class='ocrx_word' id='word_1_406' title='bbox 180 2593 306 2641; x_wconf 74' lang='lat' dir='ltr'>grado</span> <span class='ocrx_word' id='word_1_407' title='bbox 327 2593 368 2632; x_wconf 92' lang='lat' dir='ltr'>di</span> <span class='ocrx_word' id='word_1_408' title='bbox 393 2593 570 2632; x_wconf 76' lang='lat' dir='ltr'>cohibere</span> <span class='ocrx_word' id='word_1_409' title='bbox 594 2591 857 2638; x_wconf 85' lang='lat' dir='ltr'>abbastanza‚</span> <span class='ocrx_word' id='word_1_410' title='bbox 876 2603 898 2629; x_wconf 90' lang='lat' dir='ltr'>e</span> <span class='ocrx_word' id='word_1_411' title='bbox 916 2603 1075 2637; x_wconf 87' lang='lat' dir='ltr'>appena</span> <span class='ocrx_word' id='word_1_412' title='bbox 1102 2591 1405 2630; x_wconf 84' lang='lat' dir='ltr'>determinatasi</span> <span class='ocrx_word' id='word_1_413' title='bbox 1427 2604 1508 2630; x_wconf 86' lang='lat' dir='ltr'>una</span> <span class='ocrx_word' id='word_1_414' title='bbox 1530 2592 1629 2638; x_wconf 79' lang='lat' dir='ltr'>fuga</span> 
     </span>
     <span class='ocr_line' id='line_1_47' title="bbox 116 2639 1628 2699; baseline -0.001 -19"><span class='ocrx_word' id='word_1_415' title='bbox 116 2646 174 2680; x_wconf 79' lang='lat' dir='ltr'>nn</span> <span class='ocrx_word' id='word_1_416' title='bbox 198 2641 479 2699; x_wconf 69' lang='lat' dir='ltr'>po’maggiore</span> <span class='ocrx_word' id='word_1_417' title='bbox 505 2654 526 2680; x_wconf 89' lang='lat' dir='ltr'>e</span> <span class='ocrx_word' id='word_1_418' title='bbox 554 2653 633 2689; x_wconf 82' lang='lat' dir='ltr'>non</span> <span class='ocrx_word' id='word_1_419' title='bbox 658 2639 856 2683; x_wconf 82' lang='lat' dir='ltr'>risarcita,</span> <span class='ocrx_word' id='word_1_420' title='bbox 881 2639 921 2676; x_wconf 86' lang='lat' dir='ltr'>la</span> <span class='ocrx_word' id='word_1_421' title='bbox 947 2639 1045 2685; x_wconf 78' lang='lat' dir='ltr'>fuga</span> <span class='ocrx_word' id='word_1_422' title='bbox 1078 2639 1244 2678; x_wconf 81' lang='lat' dir='ltr'>diventa</span> <span class='ocrx_word' id='word_1_423' title='bbox 1278 2639 1411 2678; x_wconf 89' lang='lat' dir='ltr'>subito</span> <span class='ocrx_word' id='word_1_424' title='bbox 1437 2640 1628 2685; x_wconf 85' lang='lat' dir='ltr'>generale</span> 
     </span>
     <span class='ocr_line' id='line_1_48' title="bbox 118 2687 1628 2792; baseline -0.001 -17"><span class='ocrx_word' id='word_1_425' title='bbox 118 2701 141 2728; x_wconf 66' lang='grc' dir='ltr'><strong>Θ</strong></span> <span class='ocrx_word' id='word_1_426' title='bbox 165 2694 410 2777; x_wconf 43' lang='lat' dir='ltr'>prgessbqgffi?</span> <span class='ocrx_word' id='word_1_427' title='bbox 414 2689 716 2792; x_wconf 40' lang='grc' dir='ltr'><strong>1161111011,ιέξῖῃῖ</strong></span> <span class='ocrx_word' id='word_1_428' title='bbox 731 2687 1039 2792; x_wconf 42' lang='grc' dir='ltr'>ῗξῖὲὲἷῇνὶειο.</span> <span class='ocrx_word' id='word_1_429' title='bbox 1059 2735 1132 2773; x_wconf 84' lang='lat' dir='ltr'>che</span> <span class='ocrx_word' id='word_1_430' title='bbox 1154 2735 1222 2781; x_wconf 85' lang='lat' dir='ltr'>qui</span> <span class='ocrx_word' id='word_1_431' title='bbox 1243 2734 1282 2773; x_wconf 91' lang='lat' dir='ltr'>di</span> <span class='ocrx_word' id='word_1_432' title='bbox 1300 2747 1434 2774; x_wconf 86' lang='lat' dir='ltr'>mezzo</span> <span class='ocrx_word' id='word_1_433' title='bbox 1462 2734 1528 2774; x_wconf 73' lang='lat' dir='ltr'>c&#39;e</span> <span class='ocrx_word' id='word_1_434' title='bbox 1545 2748 1628 2774; x_wconf 88' lang='lat' dir='ltr'>una</span> 
     </span>
     <span class='ocr_line' id='line_1_49' title="bbox 117 2781 1628 2833; baseline -0.002 -7"><span class='ocrx_word' id='word_1_435' title='bbox 117 2784 276 2827; x_wconf 70' lang='lat' dir='ltr'>lacuna.</span> <span class='ocrx_word' id='word_1_436' title='bbox 307 2785 399 2827; x_wconf 81' lang='lat' dir='ltr'>Non</span> <span class='ocrx_word' id='word_1_437' title='bbox 438 2784 461 2825; x_wconf 80' lang='grc' dir='ltr'>ὸ</span> <span class='ocrx_word' id='word_1_438' title='bbox 499 2783 759 2827; x_wconf 79' lang='lat' dir='ltr'>ammiss1b1le</span> <span class='ocrx_word' id='word_1_439' title='bbox 796 2782 823 2820; x_wconf 88' lang='grc'><strong>11</strong></span> <span class='ocrx_word' id='word_1_440' title='bbox 851 2794 1066 2832; x_wconf 78' lang='lat' dir='ltr'>passagglo</span> <span class='ocrx_word' id='word_1_441' title='bbox 1094 2796 1117 2822; x_wconf 85' lang='lat' dir='ltr'>a</span> <span class='ocrx_word' id='word_1_442' title='bbox 1143 2781 1344 2826; x_wconf 80' lang='lat' dir='ltr'>tutt’altro</span> <span class='ocrx_word' id='word_1_443' title='bbox 1380 2787 1628 2833; x_wconf 83' lang='lat' dir='ltr'>argomento,</span> 
     </span>
    </p>
   </div>
  </div>
 </body>
</html>
