1872 3002
332 144 417 190 140
749 142 834 191 DE
865 139 1097 191 RERUM
1127 140 1402 191 NATURA

358 239 477 286 unde
510 239 647 286 etiam
679 254 803 285 nunc
834 243 901 286 est
933 239 1205 286 mortalibus
1237 238 1402 286 insitus
1434 237 1608 296 horror,

358 305 437 364 qui
469 305 659 351 delubra
691 304 823 351 deum
859 321 980 352 nova
1011 309 1107 352 toto
1140 305 1332 352 suscitat
1364 303 1464 351 orbi

240 383 327 420 1165
360 376 588 417 terrarum
622 375 666 416 et
698 369 826 417 festis
859 370 983 429 cogit
1015 370 1245 417 celebrare
1278 369 1452 426 diebus,

359 452 448 482 non
483 436 548 482 ita
580 435 808 482 difficilest
840 436 1069 482 rationem
1101 435 1290 482 reddere
1324 435 1490 482 verbis.

359 501 525 560 quippe
558 500 726 547 etenim
758 500 851 547 iam
883 506 982 548 tum
1018 501 1172 548 divom
1206 500 1422 548 mortalia
1453 498 1604 547 saecla

359 566 572 624 egregias
605 566 758 613 animo
791 566 930 613 facies
963 565 1188 625 vigilante
1222 566 1455 623 videbant,

361 636 404 677 et
437 632 586 688 magis
618 632 665 678 in
698 632 870 678 somnis
903 631 1114 678 mirando
1146 631 1348 690 corporis
1381 634 1534 676 auctu.

237 709 328 745 1170
360 696 430 743 his
462 697 607 755 igitur
639 713 822 744 sensum
855 697 1124 745 tribuebant
1157 701 1402 756 propterea
1434 695 1553 755 quod

361 763 566 809 membra
599 779 780 810 movere
813 763 1092 810 videbantur
1124 778 1347 822 vocesque
1379 761 1598 821 superbas

361 827 540 875 mittere
574 845 654 888 pro
686 829 802 876 faeie
834 829 1072 888 praeclara
1105 833 1149 876 et
1181 828 1358 875 viribus
1389 826 1569 886 amplis.

361 896 685 952 aeternamque
718 893 892 940 dabant
923 893 1082 951 vitam,
1116 893 1226 953 quia
1258 909 1435 952 semper
1466 908 1623 940 eorum

360 958 741 1017 subpeditabatur
773 959 912 1006 facies
945 963 989 1005 et
1022 959 1169 1006 forma
1201 959 1429 1016 manebat,

329 1177 370 1215 in
407 1177 571 1215 niortals
603 1189 627 1215 a
653 1176 897 1222 shuddering
923 1188 1007 1214 awe
1034 1176 1164 1214 which
1196 1176 1320 1214 raises
1355 1187 1442 1214 new
1475 1175 1642 1222 temples
1675 1176 1719 1214 of
1751 1175 1819 1214 the

331 1225 428 1272 gods
456 1238 551 1263 over
572 1226 639 1263 the
661 1225 790 1263 whole
812 1224 937 1262 earth.
961 1251 976 1267 „
1005 1222 1142 1262 Sieohe
1170 1224 1181 1260 i
1208 1224 1399 1262 solemnia
1425 1235 1542 1262 sacra
1562 1222 1696 1262 hanno
1715 1223 1819 1262 fatto
1861 1232 1872 1270 ζ

331 1274 486 1318 erigere
513 1272 656 1318 grandi
680 1273 829 1318 templi,
856 1273 921 1310 dai
949 1272 1057 1317 quali
1083 1271 1198 1309 viene
1226 1284 1278 1308 un
1301 1271 1445 1310 horror
1469 1271 1541 1309 che
1559 1283 1707 1310 ancora
1723 1272 1816 1318 oggi
1867 1278 1872 1322 j

332 1322 373 1358 fa
399 1322 552 1366 erigere
578 1321 727 1366 templi.
754 1320 838 1358 Ριιὸ
866 1332 1015 1366 essere3
1044 1332 1106 1356 ma
1133 1319 1182 1356 mi
1206 1331 1278 1364 par
1297 1318 1552 1357 stiracchiato
1570 1330 1601 1356 ·e
1619 1321 1818 1366 contortoz
1859 1319 1872 1403 ἒ

332 1368 508 1407 nevedo
538 1381 647 1407 come
679 1370 836 1415 maynis
870 1371 912 1405 in
947 1368 1064 1405 rebus
1097 1367 1218 1405 abbia
1252 1379 1276 1404 a
1306 1366 1533 1412 significare
1571 1365 1584 1382 ¹
1604 1365 1645 1404 in
1675 1365 1818 1412 grandi

332 1416 528 1454 occasioni
550 1443 584 1463 ‚,‚
607 1415 655 1454 ne
675 1415 819 1461 perche
837 1416 870 1453 si
888 1415 976 1453 dica
995 1418 1037 1452 in
1056 1417 1212 1461 magmis
1230 1415 1325 1452 locis
1344 1415 1483 1452 invece
1509 1413 1571 1451 del
1594 1414 1664 1459 piu
1681 1413 1818 1453 chiaro
1851 1419 1854 1425 ’

333 1467 376 1502 in
397 1466 553 1510 mamis
580 1465 733 1510 templis
768 1464 812 1501 Io
840 1462 1003 1501 intendo
1030 1464 1167 1500 invece
1193 1462 1220 1499 il
1247 1475 1271 1500 v
1309 1463 1400 1499 1162
1427 1462 1526 1500 cosi:
1556 1460 1572 1477 “
1594 1460 1686 1507 quel
1711 1461 1819 1500 culto

331 1513 517 1557 religioso
544 1512 616 1549 che
643 1524 716 1550 con
743 1514 856 1549 tanta
883 1522 1026 1556 pompa
1057 1511 1086 1547 si
1115 1510 1265 1555 comple
1299 1509 1426 1547 anche
1457 1509 1496 1547 ai
1529 1508 1650 1555 tempi
1682 1509 1835 1555 nostri„
1860 1506 1861 1511 ’

331 1560 371 1596 in
399 1559 618 1597 condizioni
647 1559 684 1596 di
713 1560 792 1596 cosi
818 1559 1049 1604 progredita
1075 1558 1211 1595 civilta
1246 1570 1266 1595 9
1294 1558 1331 1594 in
1361 1558 1487 1595 contri
1513 1556 1595 1603 cosi
1619 1556 1854 1603 grandiosi'·

332 1606 478 1651 (com’e
504 1621 540 1653 p.
568 1619 601 1645 e.
628 1607 768 1650 Roma)
789 1637 804 1651 „
834 1619 855 1644 e
882 1605 1077 1643 l’intendo
1105 1618 1213 1643 come
1240 1608 1521 1650 contrapposto
1546 1605 1583 1642 ai
1604 1604 1724 1651 tempi
1739 1604 1818 1652 pri·
1848 1644 1851 1645 γ

332 1655 470 1699 mitivi‚
497 1654 656 1700 quando
683 1655 721 1691 la
747 1654 939 1699 religione
967 1652 1169 1693 nominoio,
1194 1653 1315 1698 tempi
1342 1653 1422 1690 cosi
1441 1651 1576 1698 poveri
1594 1650 1633 1690 di
1649 1651 1819 1698 cultura,
1851 1681 1855 1683 -

332 1715 353 1740 e
376 1702 415 1739 di
442 1702 643 1740 comunita
669 1702 746 1740 cosi
776 1703 910 1746 esigue
937 1714 958 1739 o
985 1701 1269 1746 sparpagliate‚
1295 1713 1315 1738 9
1341 1700 1492 1738 viventi
1518 1699 1559 1737 in
1581 1711 1727 1744 povere
1756 1712 1820 1738 90,-
1852 1744 1854 1746 ,

332 1763 473 1795 panne.
502 1750 584 1795 Poi,
602 1749 786 1787 badando
805 1751 884 1787 alla
904 1749 1136 1794 ripetizione
1158 1748 1221 1785 del
1241 1760 1346 1785 nunc
1363 1748 1429 1786 nel
1446 1760 1482 1786 v.
1500 1759 1556 1793 sg.
1582 1747 1672 1785 1163
1702 1747 1819 1790 (onde
1836 1752 1837 1756 ’

333 1810 494 1844 appare,
520 1798 659 1841 anche,
687 1797 946 1834 l’intenzione
973 1796 1011 1834 di
1038 1809 1090 1833 un
1110 1798 1391 1841 contrapposto
1413 1795 1472 1833 coi
1496 1795 1618 1840 tempi
1643 1795 1820 1841 antichi),
1835 1822 1839 1839 z

332 1846 536 1883 considero
565 1847 656 1882 1163
678 1857 786 1883 corne
811 1844 1014 1889 parallelo,
1041 1856 1118 1881 non
1136 1856 1244 1881 come
1264 1843 1527 1888 logicamente
1548 1842 1819 1886 subordinate,
1837 1848 1840 1858 ¹

332 1894 370 1930 al
397 1906 432 1931 v.
460 1893 709 1938 precedente,
737 1905 757 1930 9
784 1893 964 1930 rifcrisco
991 1891 1014 1928 1’
1028 1892 1130 1929 unde
1158 1903 1235 1929 non
1262 1903 1285 1928 a
1312 1891 1419 1936 locis,
1452 1889 1502 1928 ne
1535 1890 1573 1928 al
1603 1890 1820 1937 complesso
1844 1892 1846 1894 ’

332 1941 395 1978 (191
423 1953 537 1979 verso
565 1940 816 1986 precedente,
843 1952 906 1977 ma
924 1940 962 1977 al
981 1939 1167 1984 seinplice
1186 1951 1325 1985 sacrem
1351 1937 1511 1983 dunque
1529 1948 1637 1976 come
1655 1949 1698 1976 se
1714 1937 1820 1978 fosse

332 1989 461 2027 detto:
489 2002 587 2035 quae
613 2001 731 2026 sacra
757 2000 863 2025 nunc
887 1988 1040 2034 florent,
1075 1999 1173 2033 quae
1207 1999 1324 2024 sacra
1350 1987 1469 2024 etiam
1502 1997 1607 2023 nuno
1633 1987 1818 2024 inserunt

332 2037 535 2075 horrorem
561 2036 809 2082 mortalibus,
835 2038 906 2083 qui
929 2047 1029 2073 nova
1056 2035 1198 2080 templa
1223 2036 1399 2072 suscitat.
1425 2033 1460 2070 Il
1477 2045 1578 2072 nova
1589 2030 1617 2071 ’ὸ
1636 2044 1744 2071 come
1762 2045 1818 2070 un

331 2087 440 2122 terzo
467 2097 583 2122 nunc.
611 2104 654 2109 —-
681 2084 717 2121 A
744 2083 946 2129 proposito
974 2082 1012 2119 di
1041 2083 1132 2119 1163
1158 2095 1214 2126 sg.
1242 2082 1269 2119 il
1295 2081 1453 2119 Martha
1480 2081 1558 2126 (op.
1586 2081 1650 2119 cit.
1674 2092 1712 2126 p.
1734 2081 1820 2124 363)

331 2132 416 2169 dice
451 2133 523 2169 che
559 2133 575 2150 ‘¹
598 2130 772 2169 Lucrece
807 2131 955 2168 semble
990 2130 1102 2168 avoir
1137 2141 1188 2167 eu
1221 2142 1270 2167 en
1297 2141 1373 2167 vue
1407 2129 1447 2166 la
1473 2128 1629 2167 sombre
1661 2131 1818 2166 terreur

331 2179 632 2224 qu’inspiraient
659 2180 715 2217 les
742 2178 868 2216 cultes
894 2178 1100 2223 etrangers
1123 2207 1136 2223 „
1171 2189 1280 2215 come
1301 2176 1356 2222 gli
1378 2176 1548 2222 egiziani
1576 2187 1602 2217 e>
1619 2175 1752 2221 quello
1778 2174 1817 2212 di
1852 2214 1854 2218 ,

331 2227 478 2273 016919,
513 2228 584 2264 che
615 2227 665 2264 da
691 2239 789 2272 poco
817 2232 947 2271 tempo
975 2237 1096 2263 erano
1129 2226 1222 2262 stati
1258 2223 1480 2269 inu-odom,
1514 2236 1536 2261 o
1570 2221 1833 2260 s'andavano‘

330 2275 620 2313 introducendo
647 2275 773 2312 anche
801 2287 823 2311 a
850 2274 986 2311 Roma.
1015 2274 1060 2310 ln
1089 2275 1274 2310 sostanza
1298 2271 1490 2309 Lucrezio
1509 2269 1674 2316 deplora
1690 2270 1720 2308 il
1736 2282 1819 2308 cre·
1851 2309 1855 2312 ,

330 2334 439 2360 scere
463 2322 567 2360 della
589 2322 875 2368 superstizionc
894 2322 931 2358 ai
950 2320 1071 2366 tempi
1093 2319 1190 2365 suoi,
1216 2332 1291 2365 pur
1308 2320 1348 2356 in
1367 2330 1499 2357 mezzo
1517 2330 1542 2356 a
1559 2321 1673 2356 tanto
1691 2317 1820 2363 splen·
1840 2325 1855 2364 j,

332 2370 426 2408 dore
445 2370 483 2407 di
503 2370 715 2415 ricchezza,
735 2369 773 2406 di
791 2369 969 2413 costumi,
991 2368 1029 2405 di
1049 2367 1195 2406 civilta.
1295 2386 1338 2393 -—
1359 2366 1465 2403 1165.
1484 2368 1583 2411 coyit
1599 2364 1821 2412 celebrare;
1850 2380 1851 2384 ¹

332 2418 605 2463 quell'horror
636 2417 758 2455 rende
793 2417 943 2453 schiavi
979 2416 1033 2460 gli
1071 2415 1220 2453 uomini
1256 2427 1277 2452 e
1311 2415 1339 2452 li
1365 2414 1498 2452 caccia
1530 2415 1569 2451 in
1596 2425 1696 2458 gran
1722 2412 1819 2450 folla

332 2468 446 2503 entro
472 2466 608 2510 templi
637 2465 702 2502 nei
728 2464 857 2509 giorni
883 2463 1028 2501 festivi.
1130 2483 1170 2488 —
1199 2461 1420 2499 1167-1180.
1448 2461 1465 2478 “
1485 2460 1547 2499 Gli
1575 2460 1670 2499 idoli
1696 2459 1820 2498 divini

333 2514 404 2551 che
430 2514 676 2558 apparivano
707 2512 784 2557 agli
813 2511 974 2552 nomini,
1008 2511 1067 2548 sia
1101 2510 1207 2548 nella
1241 2509 1386 2556 veglia‚
1421 2509 1480 2547 sia
1509 2508 1578 2554 piu
1610 2520 1744 2555 spesso
1778 2507 1819 2545 in

333 2573 469 2607 sonno,
495 2572 615 2598 erano
642 2561 796 2606 eyreyia
825 2558 931 2605 facie
957 2571 976 2595 e
1003 2559 1188 2597 mirando
1214 2559 1390 2604 corporis
1417 2559 1557 2602 auctam
1590 2557 1623 2593 si
1654 2554 1819 2593 manife-

332 2612 475 2646 stavan
501 2608 653 2646 viventi
681 2620 700 2645 e
727 2606 871 2653 perche
899 2606 1120 2652 moventisi‚
1154 2618 1175 2643 e
1201 2604 1346 2651 perche
1372 2603 1592 2650 parlavano
1621 2615 1726 2642 voces
1751 2614 1839 2646 su>-⁴

327 2656 499 2703 perbas;
522 2655 765 2701 palesavano
791 2654 830 2691 la
866 2654 948 2692 loro
977 2652 1148 2692 eternita
1182 2655 1230 2690 1.⁰
1255 2657 1326 2699 per
1350 2652 1390 2690 la
1414 2655 1610 2698 perpetua
1630 2651 1832 2692 successio.

334 2706 563 2749 imaqinum,
589 2702 776 2740 restando
803 2703 1012 2739 immutata
1037 2701 1076 2738 la
1102 2701 1247 2738 forma:
1274 2701 1325 2738 2.⁰
1346 2697 1490 2745 perche
1509 2698 1754 2744 apparivano
1781 2697 1835 2734 di*

334 2752 411 2790 cosi
446 2754 608 2796 potente
643 2750 903 2788 costituzione
937 2749 986 2786 da
1020 2754 1132 2794 poter
1166 2748 1352 2786 resistere
1386 2760 1415 2785 a
1442 2747 1672 2792 qualunque
1709 2745 1819 2783 ἴοι-πει

1838 1138 1872 1167 Q
