1872 3002
330 117 417 165 234
742 117 828 166 DE
866 117 1098 167 RERUM
1128 118 1406 167 NATURA

359 213 472 260 haec
503 213 659 260 eadem
692 218 870 260 nostros
903 214 1080 261 animos
1112 230 1228 273 quae
1261 230 1363 261 cum
1396 214 1661 273 vigilamus,

358 293 501 337 usque
533 278 658 335 adeo,
693 283 813 325 certe
844 282 896 325 ut
927 278 1169 326 videamur
1201 295 1383 326 cernere
1415 277 1519 326 eum
1551 294 1687 338 quem

357 344 537 391 rellicta
568 344 667 391 vita
699 343 792 391 iam
825 361 948 392 mors
980 348 1024 392 et
1056 349 1180 392 terra
1212 345 1417 404 potitast.

258 422 326 459 760
357 409 443 456 hoc
473 409 574 456 ideo
606 409 706 456 fieri
738 410 863 469 cogit
894 415 1076 469 natura,
1111 410 1232 470 quod
1264 427 1420 458 omnes
1598 462 1600 464 ,

358 475 559 534 corporis
592 475 744 522 offecti
776 491 935 523 sensus
967 492 1049 535 per
1081 477 1286 523 membra
1318 476 1558 536 quiescunt

357 555 440 586 nec
472 545 662 599 possunt
693 540 862 588 falsum
894 541 1017 589 veris
1050 541 1320 589 convincere
1352 541 1501 589 rebus.

356 610 592 664 praeterea
624 605 887 654 meminisse
920 607 1040 654 iacet
1071 606 1354 666 languetque
1387 622 1560 666 sopore,

355 686 439 717 nec
470 670 684 718 dissentit
716 688 821 719 eum
854 672 1015 719 mortis
1048 672 1220 732 letique
1252 672 1451 732 potitum

257 748 325 786 765
355 735 448 782 iam
481 736 671 796 pridem,
705 754 838 797 quem
871 754 999 785 mens
1032 738 1188 786 vivom
1221 754 1267 786 se
1300 753 1487 785 cornere
1519 737 1678 798 credit.

416 800 430 860 Η
454 801 587 859 Quod
617 808 835 862 superest,
868 819 960 851 non
992 808 1059 851 est
1091 804 1262 850 mirum
1293 802 1542 850 simulacra
1573 802 1748 852 moveri

355 867 661 927 bracchiaque
693 868 742 915 in
775 885 1018 916 numerum
1050 869 1225 916 iactare
1258 873 1303 916 et
1336 873 1486 916 cetera
1517 868 1738 923 membra.

355 948 463 980 nam
496 932 547 979 fit
578 938 629 980 ut
659 933 708 981 in
741 935 911 982 somnis
943 935 1093 983 facere
1125 934 1212 982 hoc
1243 935 1455 982 videatur
1485 934 1666 994 imago:

356 998 537 1057 quippe,
570 999 651 1046 ubi
682 1000 833 1059 prima
864 1000 982 1059 perit
1015 1000 1195 1060 alioque
1228 1004 1296 1048 est
1329 999 1476 1047 altera
1506 1003 1619 1048 nata

259 1076 327 1112 770
357 1061 463 1110 inde
496 1068 633 1121 statu,
667 1065 794 1123 prior
825 1065 901 1112 hic
932 1070 1113 1124 gestum
1148 1070 1350 1113 mutasse
1382 1064 1581 1113 videtur.

359 1127 545 1187 scilicet,
578 1129 627 1176 id
658 1130 757 1177 fieri
789 1130 925 1178 celeri
956 1131 1135 1178 ratione
1167 1131 1494 1191 putandumst:

356 1197 489 1240 tanta
520 1199 588 1241 est
619 1195 854 1243 mobilitas
886 1201 930 1243 et
963 1213 1117 1243 rerum
1150 1197 1281 1256 copia
1310 1200 1456 1254 tanta,

360 1264 581 1320 tantaque
613 1262 820 1310 sensibili
852 1263 1015 1322 quovis
1047 1267 1115 1311 est
1146 1267 1349 1322 tempore
1380 1262 1430 1310 in
1461 1277 1552 1309 uno

328 1468 488 1516 viqilat;
516 1467 532 1484 “
551 1468 591 1506 la
617 1470 761 1514 mente,
788 1468 861 1507 che
888 1468 908 1507 ὲ
935 1470 1099 1517 sveglia‚
1124 1471 1236 1509 vede.
1257 1500 1273 1518 „
1380 1488 1424 1496 ——
1451 1470 1539 1508 759.
1567 1469 1637 1508 cfr.
1664 1469 1744 1508 732.
1769 1468 1821 1506 Di
1860 1505 1872 1518 ,Ι

328 1521 468 1560 questo
487 1528 576 1554 caso
602 1517 793 1554 Lucrezio
813 1529 892 1555 non
919 1517 969 1555 da
991 1519 1257 1564 spiegazione‚
1284 1531 1391 1556 come
1413 1518 1503 1556 l’ha
1524 1517 1619 1555 data
1635 1517 1703 1563 pei
1723 1515 1833 1568 Gen-¹¹
1862 1519 1867 1530 ²

328 1563 454 1609 tauri3
481 1563 510 1600 il
542 1564 668 1609 primo
689 1565 873 1609 pensiero
899 1564 921 1603 ὸ
948 1565 1020 1603 che
1046 1567 1079 1603 si
1105 1567 1219 1604 tratti
1247 1566 1286 1603 di
1318 1566 1414 1604 idoli
1440 1565 1646 1611 superstiti
1671 1564 1736 1602 del
1757 1563 1822 1602 de·
1867 1600 1872 1608 ,,

326 1611 453 1655 sunto,
475 1623 583 1649 come
603 1611 668 1649 nel
691 1613 884 1650 succitato
906 1614 1079 1658 esempio
1103 1614 1352 1652 ciceroniano
1375 1612 1607 1651 dell'ombra
1627 1611 1668 1650 di
1682 1612 1822 1666 Mario:
1863 1630 1872 1638 ⁷-

326 1658 393 1695 Ma
419 1659 490 1696 che
513 1659 606 1696 idoli
633 1659 772 1697 siffatti
800 1673 969 1705 possano
996 1662 1278 1706 sopravvivere
1305 1661 1492 1699 incolumi
1517 1659 1677 1698 imezzi
1701 1659 1822 1698 secoli

328 1718 348 1743 e
376 1707 387 1742 i
414 1706 546 1752 secoli,
574 1719 682 1745 come
701 1720 795 1745 vere
815 1709 951 1746 ombre
973 1709 1266 1747 d’Achcronte?
1293 1709 1391 1748 Sara
1417 1709 1556 1746 invece
1578 1707 1629 1746 da
1651 1717 1822 1753 pensare

327 1752 408 1790 alla
434 1753 585 1798 grande
612 1754 767 1792 facilit&
794 1768 866 1793 con
900 1757 961 1794 cui
990 1754 1300 1801 ίάοΙὶ-συστιίσεις,
1326 1757 1422 1794 idoli
1449 1756 1581 1801 d’ogni
1607 1767 1713 1799 cosa,
1735 1765 1823 1800 pos-

327 1801 443 1838 sibile
468 1814 489 1839 e
515 1802 771 1849 impossibile,
799 1805 988 1841 esistente
1015 1817 1037 1842 o
1060 1817 1138 1842 non
1160 1806 1228 1850 piu
1249 1806 1452 1848 exsistente,
1473 1804 1506 1841 si
1526 1803 1822 1858 improvvisano

327 1849 651 1887 continuamente
690 1849 730 1886 ἐν
770 1851 818 1899 τῷ
844 1853 1056 1901 περιέχοντι
1090 1848 1206 1890 ὅξεΐαι
1232 1848 1292 1889 διὰ
1328 1848 1366 1888 τὸ
1397 1847 1450 1901 μὴ
1485 1852 1564 1887 δεῖν
1587 1845 1680 1886 κατὰ
1707 1854 1821 1896 βαθος

335 1897 375 1937 τὸ
404 1901 658 1953 συμπλήρωμα
681 1907 866 1950 γίνεσθαι,
887 1906 1165 1944 secondo-dice
1190 1907 1359 1952 Epicuro
1375 1906 1446 1943 'nel
1471 1903 1538 1950 gia
1559 1904 1682 1942 citato
1702 1913 1819 1950 passo

329 1955 381 1991 ad
406 1954 502 1992 Her.
531 1957 588 1994 48.
688 1976 729 1982 —-
767 1958 924 1995 rellicta
957 1961 1040 1996 vita
1065 1971 1136 1996 con
1162 1959 1281 1997 Bern.
1303 1959 1446 1996 Munro
1473 1969 1495 1996 e
1521 1957 1613 2002 Brg.
1640 1967 1711 2002 per
1735 1955 1824 1994 red-

327 2002 413 2039 dita
447 2005 551 2049 vitm
585 2003 819 2041 Lachmann
856 2005 1015 2043 reddita
1044 2019 1121 2053 pro
1155 2009 1246 2044 vita.
1346 2026 1389 2031 —
1418 2005 1501 2041 760.
1529 2005 1609 2048 hoe,
1635 2001 1740 2042 0505ss
1774 2006 1819 2040 ul

327 2054 427 2088 certe
464 2051 669 2089 videamur
706 2065 874 2090 cernere.
993 2074 1038 2079 —-
1074 2054 1151 2092 761.
1179 2054 1318 2102 offecti,
1357 2053 1426 2092 cfr.
1452 2052 1494 2090 ΙΙ
1530 2053 1598 2090 156
1637 2049 1816 2098 officiun-

328 2101 404 2134 tur.
479 2120 524 2125 ——
538 2099 622 2136 763.
645 2102 881 2147 meminisse,
899 2104 1065 2139 sostant.
1150 2122 1187 2126 —
1211 2101 1295 2137 764.
1317 2114 1402 2142 eum
1418 2102 1558 2138 mortis
1571 2101 1750 2146 potitum.
1774 2097 1821 2135 ln

329 2146 396 2182 759
417 2157 522 2184 mors
536 2149 667 2193 potita
689 2152 744 2185 est
766 2160 852 2186 eum
863 2161 879 2196 ,¹
905 2149 992 2194 qui:
1015 2152 1051 2186 is
1067 2151 1220 2195 potitus
1238 2154 1294 2187 est
1314 2150 1465 2187 mortis.
1539 2165 1584 2173 -
1607 2147 1748 2201 mortis
1769 2145 1820 2183 le-

328 2194 442 2238 tique,
461 2193 527 2230 un’
535 2195 639 2231 altra
658 2195 891 2241 tautologia.
965 2217 1011 2222 —-
1027 2198 1223 2241 dissentit,
1242 2201 1338 2235 nota
1357 2196 1382 2234 l'
1392 2195 1554 2234 insolita
1571 2199 1820 2232 costruzione

327 2239 495 2278 coll’inf.
570 2260 618 2267 -—
632 2243 720 2278 766.
741 2244 843 2290 quod
862 2249 1036 2290 superest
1056 2245 1071 2260 ‘⁴
1089 2244 1152 2282 del
1174 2250 1280 2282 resto
1297 2271 1330 2290 „.
1393 2264 1437 2269 —
1456 2243 1534 2280 767.
1551 2243 1596 2280 in
1612 2252 1821 2296 numerum

326 2286 368 2323 fa
390 2300 559 2332 pensare
574 2289 654 2327 alla
673 2290 836 2329 saltatio
842 2304 858 2337 ;
878 2304 938 2329 ma
956 2292 1148 2330 Lucrezio
1166 2305 1291 2338 pensa
1309 2292 1502 2337 piuttosto
1523 2290 1563 2328 al
1580 2299 1821 2343 cammmare

327 2346 348 2372 e
371 2335 409 2371 al
430 2347 598 2380 correi-e,
618 2336 718 2375 dove
738 2337 799 2375 c⁷e
821 2339 948 2376 anche
967 2352 1020 2376 un
1043 2344 1149 2378 moto
1170 2340 1324 2377 ritmico
1347 2339 1450 2382 delle
1468 2336 1670 2382 membrag
1697 2347 1719 2374 e
1740 2347 1823 2382 pol-

327 2381 399 2437 che
421 2395 499 2420 non
519 2383 539 2421 e
565 2385 717 2422 escluso
739 2386 832 2430 ogni
854 2387 958 2424 altro
980 2399 1127 2432 genere
1149 2387 1186 2424 di
1210 2386 1384 2433 regelari
1406 2397 1608 2431 movenze‚
1633 2382 1725 2422 sara
1742 2394 1822 2421 me-

327 2429 406 2474 gho
429 2431 614 2469 tradurre
640 2431 1035 2472 “coordinatamente
1052 2449 1087 2481 „3
1106 2435 1175 2473 cfr.
1199 2436 1267 2473 786
1285 2447 1341 2480 sg.
1408 2454 1451 2459 —
1466 2433 1541 2469 769
1560 2445 1645 2478 Βὲἕ·
1663 2431 1746 2469 alio
1761 2459 1769 2468 ·
1785 2460 1794 2468 ·
1812 2457 1820 2466 ·
1862 2454 1872 2466 ’

326 2481 445 2522 statu,
475 2478 551 2516 “in
577 2479 682 2517 altra
706 2481 887 2525 positura
907 2511 946 2526 „.
1046 2502 1088 2507 -—-
1117 2483 1210 2520 inde
1235 2482 1256 2520 ὸ
1282 2480 1516 2527 temporale.
1592 2500 1635 2505 -
1658 2478 1737 2516 772.
1760 2490 1820 2516 re·
1855 2486 1872 2526 θ’

325 2537 470 2562 rum:
486 2528 705 2573 imayinum
716 2541 732 2574 ,·
759 2529 825 2573 qui
845 2529 881 2566 le
901 2531 1097 2575 imaqines
1118 2543 1214 2569 sono
1241 2530 1278 2568 le
1300 2542 1375 2568 res.
1473 2548 1516 2554 —
1535 2527 1616 2565 773.
1637 2525 1823 2584 «ςεῃεῶίῑί
1855 2510 1872 2550 3

327 2577 495 2619 tempore
523 2577 566 2612 iu
601 2588 680 2613 uno
709 2576 808 2614 “nel
845 2576 1004 2615 minimo
1043 2581 1174 2624 tempo
1211 2578 1397 2615 sensibile
1419 2604 1435 2622 „
1467 2590 1505 2607 =
1535 2580 1645 2622 temp.
1672 2586 1716 2612 m
1740 2585 1820 2611 uno
1851 2583 1872 2626 ἦ

328 2622 430 2666 quod
453 2625 645 2660 sentimus
671 2625 743 2660 etc.
782 2624 850 2660 792
877 2637 932 2668 sg.
955 2640 1001 2654 z
1029 2624 1070 2660 ἐν
1097 2625 1263 2674 αἰσθητῷ
1288 2624 1411 2674 χρόνῳ
1437 2624 1476 2662 di
1501 2623 1675 2669 Epicuro
1711 2620 1819 2676 119119,
1848 2636 1863 2647 2

326 2667 472 2706 lettera
497 2682 521 2706 a
546 2670 721 2708 Erodoto
748 2672 812 2713 473
847 2683 868 2708 e
895 2685 918 2709 a
946 2676 1087 2718 questo
1113 2674 1146 2711 si
1180 2677 1451 2719 contrappone
1477 2672 1518 2708 in
1543 2670 1716 2716 Epicuro
1741 2667 1820 2705 1ἀ-
1840 2684 1860 2714 ;·

324 2720 541 2770 περινόητος
568 2720 700 2773 χρόνος
728 2723 743 2740 “
765 2725 791 2761 il
821 2727 952 2770 tempo
979 2727 1287 2772 impercettibile
1307 2756 1324 2773 „
1362 2725 1415 2764 ib.
1444 2726 1504 2771 46,
1531 2736 1554 2762 o
1585 2724 1599 2760 i
1625 2717 1685 2758 διὰ
1710 2717 1820 2768 λόγου

1852 2103 1872 2439 -ῌΛζιιιῐῶἷὰᾶὗάὶιΛι-ιΙΪς-ὲ-μ..
1864 2081 1872 2087 .-
1864 2028 1872 2065 .n.
1857 2000 1872 2014 ,ἱ
1861 1926 1872 1988 ’.ιαμ
1862 1875 1872 1913 vua..
1862 1818 1872 1855 ,ια
1869 1790 1872 1795 Α
1863 1772 1872 1777 ·.
1870 1754 1872 1758 .
1855 1705 1872 1709 ’,

1826 2914 1829 2915 ⁷
1858 2867 1872 2912 Ξ

1847 2922 1872 2957 -2-

1844 2959 1872 2988 'i
