1872 3002
623 119 820 170 L1BER
851 121 924 170 vi
956 120 1157 169 704-726
1559 119 1645 167 251

82 221 343 283 Jjffunicus.
365 222 414 270 in
447 223 598 282 terris,
637 223 841 283 Aegypti
874 222 1018 270 totius
1049 219 1214 269 amnis.

0 315 1 319 =
168 289 213 339 is
235 288 369 350 *rigat
398 289 673 350 Aegyptum
708 289 912 337 medium
945 304 1026 348 per
1058 303 1195 348 saepe
1229 285 1443 346 calorem,

169 358 253 405 aut
283 354 396 416 q'uia
427 359 537 403 sunt
569 359 744 403 aestate
776 354 1016 415 aquilones
1049 353 1170 401 ostia
1202 357 1378 411 contra,

75 438 97 470 3
169 419 282 471 anni
312 425 522 482 tempore
553 437 606 469 eo
639 420 717 481 qui
751 420 923 468 etesiae
955 435 1052 468 esse
1084 418 1317 478 feruntur,

169 492 217 537 et
246 491 411 536 contra
441 487 636 537 fluvium
669 487 837 535 flantes
869 490 1169 534 remorantur
1202 491 1248 533 et
1281 485 1432 533 undas

68 603 70 605 ,
169 558 388 614 cogentes
420 570 581 603 sursus
612 554 792 614 replent
826 558 1091 613 coguntque
1124 568 1326 600 manere.

65 677 72 686 τ
99 626 101 628 ’
169 638 279 672 nam
312 621 456 670 dubio
486 621 647 682 procul
679 620 796 668 haec
828 620 1025 668 adverso
1056 618 1205 666 flabra
1237 618 1450 666 feruntur

76 702 144 743 τω
170 687 376 748 flumine,
410 703 528 749 quae
559 687 728 748 gelidis
761 687 820 734 ab
853 685 999 734 stellis
1031 684 1135 732 axis
1167 689 1393 744 aguntur:

170 754 250 804 ille
279 771 341 804 ex
372 755 592 804 aestifera
626 754 749 814 parti
782 753 913 801 venit
946 751 1098 800 amnis
1131 752 1189 799 ab
1222 757 1397 811 austro,

60 827 83 887 4
154 823 295 879 *inter
325 821 466 882 nigra
497 821 654 869 virum
686 825 900 880 pei-coeto
933 818 1086 867 saecla
1118 817 1269 866 colore

164 887 386 937 'exoriens
419 887 603 946 penitus
636 885 793 933 media
825 886 884 933 ab
916 884 1107 944 regione
1141 883 1248 931 diei.

58 1002 75 1011 Ἴ,
159 951 243 1005 ’,θεὲ
273 967 455 1014 quoque
487 952 556 1000 uti
589 952 734 1013 possit
768 966 967 1010 magnus
1000 953 1249 1008 congestus
1281 966 1448 998 arenae

48 1030 143 1073 '3225
171 1018 392 1069 fluctibus
423 1018 632 1067 adversis
665 1017 872 1077 oppilare
906 1016 1025 1065 ostia
1058 1019 1234 1075 contra,

70 1084 82 1102 ³
115 1107 146 1120 ·’
172 1101 281 1134 cum
310 1100 439 1134 mare
472 1090 731 1145 permotum
765 1083 916 1132 ventis
948 1082 1044 1130 ruit
1076 1082 1203 1129 intus
1235 1099 1447 1142 arena1n;

142 1308 223 1356 etp!
239 1307 541 1350 ,fundamentali
563 1307 627 1345 del
647 1319 720 1345 suo
742 1307 917 1345 sistema.
941 1306 1268 1345 Probabilmente
1291 1305 1483 1344 Luerezio
1507 1305 1558 1342 ha
1584 1304 1653 1350 qui

143 1367 216 1404 per
239 1357 352 1396 fonte
379 1368 434 1395 un
460 1354 563 1395 libro
591 1355 630 1393 di
656 1356 843 1401 Epicuro,
872 1355 1025 1402 poiche,
1064 1355 1167 1393 delle
1206 1357 1369 1400 quattro
1402 1353 1653 1400 spiegazioni

144 1405 334 1452 che‘cita,
355 1409 417 1444 tre
435 1417 507 1444 son
529 1404 567 1442 di
590 1404 724 1442 autori
746 1404 939 1442 anteriori
960 1403 1012 1442 ad
1034 1403 1208 1450 Epicuro
1235 1403 1293 1447 (la
1314 1403 1456 1448 prima,
1480 1402 1654 1445 715-723,

144 1453 370 1500 ᾶὶ·“’1“α16ὺθ;
397 1453 586 1499 la-terza‚
614 1453 784 1498 729434,
812 1451 850 1489 di
877 1453 1126 1499 Democrit03
1160 1451 1199 1489 la
1227 1454 1386 1497 quarta,
1414 1451 1585 1496 735-737,
1613 1449 1653 1486 di

145 1501 437 1553 Athamanta),
463 1513 485 1540 e
511 1501 551 1539 la
578 1500 764 1546 secunda,
791 1501 962 1546 724-728,
995 1499 1015 1538 ὸ
1044 1500 1231 1538 anonima
1262 1499 1437 1543 (almeno
1467 1511 1536 1543 pet·
1563 1499 1654 1543 me),

147 1549 561 1590 tna'evidentemente
589 1561 668 1587 non
695 1547 716 1586 ὲ
743 1548 816 1587 che
844 1561 925 1586 una
951 1548 1137 1586 variante
1164 1547 1204 1586 di
1231 1547 1367 1593 quella
1394 1546 1432 1585 di
1460 1546 1613 1584 Talete.

239 1601 319 1643 ¹212.
345 1604 383 1643 A
403 1604 571 1650 ragione
596 1603 626 1641 il
646 1603 812 1649 Brieger
838 1603 891 1640 ha
913 1602 1119 1641 restituito
1143 1602 1181 1639 la
1204 1601 1362 1648 virgola
1388 1600 1491 1646 dopo
1516 1602 1651 1646 terris,

145 1652 220 1698 che
247 1652 275 1691 il
294 1644 535 1698 ‘Lachmann
562 1651 734 1699 (seguito
767 1650 818 1689 da
850 1651 968 1689 Bern.
996 1651 1065 1696 M.)
1103 1663 1234 1689 aveva
1275 1652 1524 1694 trasportato
1553 1648 1656 1694 dopo

69 1703 73 1706 ⁴
142 1700 356 1740 redundat.
459 1721 498 1726 -
527 1701 573 1738 in
605 1703 792 1739 aestatem
821 1699 836 1715 “
858 1712 975 1738 verso
1008 1699 1185 1746 restam,
1218 1698 1403 1736 venendo
1431 1697 1455 1734 l'
1472 1700 1600 1735 estate
1621 1711 1658 1744 „3

146 1749 310 1789 eft-,875
330 1749 475 1795 (umor)
496 1750 540 1786 in
563 1748 686 1786 lucem
708 1748 875 1786 tremulo
897 1749 1069 1786 rarescit
1088 1747 1137 1785 ab
1155 1751 1277 1785 aestu.
1375 1767 1416 1771 —
1442 1745 1521 1784 714.
1540 1757 1655 1792 saepe

148 1796 276 1844 pei-la
297 1796 432 1836 trafila
458 1795 499 1835 di
527 1795 542 1812 ‘⁴
565 1796 819 1834 solitamente
842 1825 857 1840 „
887 1795 1106 1834 s'avvicina
1133 1795 1304 1833 talvolta
1327 1794 1366 1831 in
1395 1794 1590 1832 Lucrezio
1617 1793 1654 1831 al

146 1845 374 1892 significato
409 1845 449 1883 di
487 1857 650 1892 semper,
689 1857 724 1882 v.
752 1844 788 1881 V
814 1845 896 1882 430.
998 1865 1041 1870 —
1079 1843 1146 1880 715
1183 1855 1240 1889 sg.
1279 1844 1488 1890 aquilones
1514 1844 1587 1890 qui
1612 1854 1653 1879 eo

43 1898 46 1899 ⁷
121 1931 124 1934 ,
149 1898 319 1942 tempore
340 1895 446 1932 anni
461 1892 655 1940 feruntur
673 1905 753 1930 esse
772 1894 940 1938 etesium
962 1893 1032 1930 730
1053 1904 1074 1929 e
1093 1891 1130 1929 V
1152 1893 1218 1928 741
1244 1893 1366 1929 etesia
1387 1891 1522 1938 flabra
1545 1892 1658 1937 aqui-

149 1943 294 1982 lonum.
322 1943 489 1980 Intorno
515 1941 594 1979 alle
621 1942 776 1986 etesiae,
802 1940 891 1978 Sen.
921 1940 1015 1979 Nat.
1039 1953 1071 1987 q.
1099 1939 1136 1977 V
1162 1942 1205 1977 10
1232 1951 1290 1985 sg.
1396 1959 1443 1965 —-
1470 1938 1556 1977 716.
1583 1942 1655 1976 ete-

146 1993 235 2030 siae
258 2002 352 2038 esse,
380 2003 415 2028 v.
443 1992 538 2028 nota
565 2001 589 2027 a
613 1989 673 2027 IV
702 1990 782 2026 739.
881 2009 927 2014 -—
953 1989 1033 2028 718.
1055 1988 1156 2034 Ogg.
1179 1987 1219 2025 di
1238 1987 1394 2035 replent
1419 1999 1441 2025 e
1467 1990 1610 2034 coyunt
1631 1985 1653 2024 ὸ

148 2039 327 2087 fluvium.
425 2059 472 2065 -—
493 2036 581 2074 720.
599 2039 693 2075 axis
717 2039 732 2055 ‘⁴
750 2036 814 2075 del
836 2037 929 2083 polo
946 2066 976 2082 „.
1080 2056 1117 2062 —
1145 2035 1223 2072 721.
1250 2048 1298 2073 eoe
1319 2035 1452 2082 uestis.
1470 2037 1591 2082 parti
1603 2064 1610 2072 .
1627 2064 1658 2072 ..

149 2086 200 2126 ab
225 2091 388 2135 atestrae
413 2098 493 2125 non
521 2084 543 2124 ὲ
569 2085 758 2130 semplice
780 2085 1036 2131 ripetizione;
1066 2084 1081 2100 ‘⁴
1103 2084 1195 2122 vien
1223 2084 1330 2122 fuori
1355 2083 1438 2128 (ex)
1462 2083 1572 2121 dalla
1599 2095 1660 2120 re-

149 2135 269 2182 gione
286 2137 417 2174 estiva
438 2134 544 2173 della
563 2137 673 2173 terra
689 2164 695 2171 .
713 2164 720 2171 .
737 2163 744 2170 .
763 2133 947 2172 venendo
969 2132 1077 2171 dalla
1099 2136 1214 2178 parte
1229 2132 1294 2170 del
1313 2131 1398 2169 sud.
1417 2162 1432 2178 „
1511 2150 1556 2157 —-
1572 2143 1663 2169 emo-

149 2185 264 2222 riens
297 2183 351 2223 ha
377 2183 525 2230 duppin
562 2182 787 2221 relazionc:
827 2182 876 2219 ab
915 2182 1045 2219 media
1078 2194 1158 2228 rey-
1193 2181 1245 2226 ol„
1271 2182 1379 2218 iuter
1416 2182 1539 2226 niqra
1579 2191 1662 2217 sue·

150 2232 214 2271 cla
239 2233 314 2270 etc.
415 2251 458 2280 ε-
482 2230 565 2270 725.
592 2231 784 2278 oppilare,
810 2230 938 2268 anche
965 2229 1051 2268 Cat.
1078 2242 1111 2267 r,
1140 2242 1172 2266 r.
1202 2230 1291 2274 1003
1317 2228 1396 2266 Cic.
1422 2228 1521 2275 phil.
1548 2228 1589 2265 11
1612 2229 1655 2264 21

148 2279 274 2319 scalis
293 2280 484 2319 tabernae
509 2280 709 2326 oppilatis.
737 2278 856 2316 Come
884 2279 924 2315 in
951 2277 1083 2323 questi
1105 2276 1183 2314 due
1206 2276 1357 2322 luoghi,
1385 2276 1514 2314 anche
1541 2275 1610 2321 qui
1636 2275 1658 2313 ὸ

152 2328 379 2374 transitivo,
407 2341 428 2366 e
454 2331 595 2366 contra
620 2326 642 2365 ὲ
669 2326 875 2364 avverbio.
975 2346 1018 2350 --
1046 2325 1193 2372 fluctio.
1220 2325 1376 2363 advers.
1404 2325 1437 2362 Il
1465 2325 1611 2362 Munro
1639 2323 1660 2361 ὸ

150 2375 306 2416 incerto
331 2388 373 2415 se
395 2377 426 2414 si
453 2375 568 2414 tratti
591 2375 696 2413 delle
718 2374 822 2413 onde
844 2374 908 2412 del
931 2374 1050 2411 fiume
1078 2386 1100 2412 o
1122 2373 1186 2411 del
1208 2385 1342 2418 mare3
1365 2385 1430 2410 ma
1452 2371 1664 2410 intendere

154 2427 172 2442 ⁸⁸
194 2424 242 2463 of
261 2425 332 2463 the
357 2435 492 2463 waves
518 2423 564 2462 of
585 2423 655 2461 the
682 2435 752 2461 sea
780 2423 911 2461 blown
938 2422 978 2460 in
1007 2422 1060 2467 by
1086 2422 1155 2459 the
1183 2421 1342 2459 etesian
1366 2421 1493 2459 winde
1514 2450 1530 2467 „
1561 2419 1582 2458 ὲ
1609 2420 1661 2457 ri·

151 2475 316 2512 tornare
336 2473 377 2511 al
395 2483 487 2511 caso
505 2471 748 2518 precedente
764 2491 808 2496 ——
823 2475 978 2508 mentre
1001 2469 1070 2515 qui
1089 2469 1110 2508 ὸ
1130 2470 1281 2507 l‘arena
1303 2469 1376 2507 che
1400 2469 1440 2506 fa
1463 2469 1663 2515 ostacolo3

153 2521 360 2569 fiattono,
384 2533 427 2559 se
448 2519 672 2559 son’l'onde
691 2519 755 2557 del
778 2531 900 2565 mare,
922 2518 1092 2556 sarebbe
1114 2530 1168 2555 un
1191 2517 1270 2555 abl.
1294 2530 1391 2556 ass.:
1421 2517 1436 2533 ‘⁶
1460 2521 1664 2564 conqestus

153 2580 315 2616 arenae,
340 2570 353 2608 i
378 2569 486 2607 flutti
513 2568 576 2606 del
604 2579 715 2606 mare
744 2566 939 2606 battendo
966 2571 1105 2605 contro
1133 2566 1159 2603 il
1188 2565 1307 2603 fiume
1327 2580 1368 2612 „3
1397 2577 1463 2603 ma
1489 2565 1662 2603 sarebbe

153 2617 283 2656 allora
303 2630 401 2656 vera
421 2616 648 2662 tautologia
673 2615 700 2654 il
723 2627 840 2654 verso
862 2624 1068 2661 seguente.
1095 2615 1140 2652 Io
1163 2613 1328 2652 intendo
1350 2613 1457 2660 fluct.
1485 2614 1575 2652 adv.
1596 2612 1662 2651 da-

154 2665 258 2706 tivo:
287 2665 304 2682 ‘⁶
325 2665 471 2705 chiude
498 2665 537 2702 la
563 2666 681 2710 porta
707 2664 748 2702 in
776 2663 904 2702 faccia
933 2662 1118 2710 (eontra)
1147 2662 1185 2700 ai
1212 2662 1319 2699 flutti
1345 2661 1425 2704 (del
1453 2661 1562 2706 Nilo)
1589 2661 1663 2699 che

115 2748 117 2751 Α
155 2724 345 2761 vongono
376 2715 560 2752 incontro
582 2741 613 2759 „.
712 2733 757 2738 —
793 2711 876 2749 726.
909 2713 997 2749 ruit
1033 2710 1050 2727 ‘⁴
1070 2710 1212 2756 spinge
1251 2709 1394 2748 denti-o
1415 2739 1431 2756 „
1470 2721 1492 2748 e
1526 2708 1663 2756 quindi

153 2761 384 2810 accumulat,
422 2761 566 2810 Mum-o
598 2761 679 2799 cita
704 2760 827 2806 Verg.
858 2760 973 2798 Geor.
1006 2759 1026 2811 Ι
1059 2759 1127 2797 105
1158 2758 1408 2806 cumulosque
1441 2759 1526 2796 ruit
1562 2757 1664 2796 male
