1872 3002
1716 0 1784 22 τ’σῑῆ·
1806 0 1808 2 ’
1819 0 1872 115 Ἴ

334 184 419 231 182
746 182 832 230 DE
863 181 1095 231 RERUM
1125 182 1403 232 NATURA
1867 159 1872 165 ’

357 283 403 326 et
435 278 611 326 faciunt
642 277 819 325 animos
850 276 1038 325 humilis
1069 277 1315 326 formidine
1346 279 1502 328 divom

357 344 680 403 depressosque
711 347 927 403 premunt
958 343 1017 390 ad
1048 347 1218 391 terram
1252 349 1494 404 propterea
1524 345 1645 405 quod

356 409 622 468 ignorantia
654 423 899 456 causarum
932 408 1138 456 conferre
1170 409 1359 457 deorum

278 487 324 524 55
356 475 481 533 cogit
513 475 572 521 ad
604 474 850 534 imperium
882 490 953 521 res
987 478 1032 521 et
1064 475 1309 523 concedere
1342 492 1552 535 regnum.

279 553 324 589 58
355 557 465 588 nam
496 541 609 587 bene
641 540 721 600 qui
753 539 953 586 didicere
985 540 1092 588 deos
1123 557 1334 589 securum
1367 558 1507 602 agere
1538 558 1713 602 aevom,

356 607 395 654 si
426 610 581 653 tamen
611 605 788 653 interea
818 605 1049 653 mirantur
1080 623 1172 666 qua
1202 607 1382 655 ratione
1648 622 1651 627 ·

279 686 325 722 60
358 687 563 738 quaeque
593 671 696 730 geri
728 671 916 730 possint,
950 672 1220 730 praesertim
1252 673 1388 721 rebus
1418 673 1469 721 in
1500 673 1594 722 illis

327 875 361 900 v.
388 863 433 899 52
442 876 455 907 ,·
480 863 706 900 mutazione
727 874 806 901 non
833 863 1071 910 necessaria,
1095 863 1241 909 perche
1261 863 1289 902 il
1306 876 1404 912 quae
1430 863 1468 902 di
1487 877 1523 903 v.
1541 865 1588 903 50
1612 864 1655 903 in
1672 864 1819 912 doppia

327 910 513 948 funzione
541 910 579 947 di
606 912 789 956 soggetto
817 923 837 949 e
865 914 1027 955 oggetto
1053 923 1130 949 non
1158 912 1200 950 fa
1227 911 1415 951 difficolta
1442 913 1496 958 (ν.
1522 917 1618 952 nota
1642 925 1668 951 a
1684 914 1759 958 52).
1784 913 1818 950 Il

327 958 559 995 Lachmann
585 958 723 1004 legge:

574 1052 839 1090 quandoquidem
859 1053 960 1082 semel
980 1052 1106 1083 institui
1124 1053 1344 1083 conscendere
1365 1063 1495 1084 currum

572 1097 744 1125 ventosum
763 1097 795 1124 et
814 1097 942 1124 certant
960 1095 1153 1131 plangentia
1171 1095 1305 1125 flamina
1323 1104 1467 1133 rursum3

576 1146 661 1174 quae
681 1137 813 1173 fuerint,
832 1137 912 1173 sine,
931 1137 1063 1172 placato
1085 1146 1247 1167 conversa
1266 1137 1388 1168 furore.

613 1180 752 1210 Caetera
773 1188 857 1217 quae
877 1179 949 1209 fieri
969 1181 1029 1209 etc.

331 1246 458 1286 Gobel
474 1261 482 1286 :

576 1322 853 1360 quandoquidem,
873 1322 967 1352 slmul
987 1323 1114 1352 institui
1134 1322 1355 1353 conscendere
1374 1331 1505 1354 currum

574 1368 754 1400 ventosum,
775 1366 933 1401 exortast,
950 1365 1124 1401 placentur
1143 1367 1178 1394 ut
1198 1365 1296 1395 obvia
1315 1374 1446 1402 rursum

576 1416 660 1444 quae
680 1407 812 1444 fuerint,
834 1415 919 1444 spes,
937 1410 1058 1445 pacato
1078 1416 1239 1438 conversa
1258 1407 1380 1438 furore.

325 1490 468 1529 Munro
494 1502 573 1528 non
600 1493 710 1528 tocea
736 1491 794 1536 47,
828 1489 893 1536 poi
918 1489 1063 1527 lacuna
1096 1489 1184 1534 (che
1219 1489 1383 1536 riempie
1417 1488 1525 1528 nella
1559 1488 1820 1536 traduzione),

327 1539 393 1583 poi
420 1540 486 1576 48:
524 1542 738 1585 ventorum,
772 1550 819 1575 ex
843 1540 910 1575 ira
947 1542 991 1575 ut
1021 1538 1246 1584 placentur,
1280 1543 1325 1576 ut
1356 1540 1490 1577 omina
1528 1546 1703 1583 rursum,
1741 1541 1818 1575 ete.

325 1586 422 1623 Ora:
442 1586 673 1624 Lachmann
691 1598 711 1623 e
731 1585 859 1623 Gobel
878 1585 1069 1623 lavorano
1089 1584 1127 1623 di
1146 1586 1338 1632 fantasia3
1355 1586 1396 1624 la
1413 1588 1602 1632 proposta
1620 1584 1659 1623 di
1676 1584 1819 1630 Munro

325 1633 346 1671 ὲ
373 1633 478 1671 abile
504 1646 567 1670 ma
594 1645 671 1671 non
703 1633 925 1678 probabile,
959 1632 1031 1671 che
1059 1645 1105 1670 ex
1130 1635 1196 1670 ira
1222 1638 1276 1677 ut,
1312 1633 1702 1679 diplomaticamente
1738 1643 1819 1670 non

326 1681 494 1724 difficile,
519 1681 646 1719 riesce
670 1683 819 1727 strano,
846 1693 866 1719 e
892 1681 919 1718 il
938 1693 1053 1719 verso
1072 1680 1093 1719 ὸ
1112 1684 1284 1719 corretto
1302 1681 1340 1719 in
1361 1685 1422 1719 tre
1442 1682 1558 1728 posti.
1575 1681 1611 1718 Il
1628 1693 1665 1719 v.
1685 1681 1730 1717 47
1753 1678 1774 1717 ὲ
1793 1679 1820 1716 il

324 1729 517 1774 principio
536 1729 655 1766 d'una
673 1728 914 1774 digressione
934 1729 1090 1774 poetica
1111 1729 1321 1774 personale
1343 1729 1404 1767 sul
1425 1731 1507 1775 tipo
1529 1728 1570 1766 di
1594 1727 1614 1766 1
1634 1727 1704 1766 923
1725 1738 1820 1774 sgg.‚

328 1780 480 1814 mentre
520 1778 567 1814 48
608 1777 843 1822 appartiene
884 1777 1209 1822 all’esposizione
1246 1776 1594 1823 dell'argomento.
1630 1775 1820 1820 Dunque:

329 1824 345 1839 “
365 1823 512 1862 Poiche
547 1825 598 1862 ho
631 1825 802 1869 impreso
834 1836 858 1862 a
896 1829 1130 1862 cantare...
1165 1825 1200 1868 [e
1227 1824 1296 1869 qui
1326 1837 1381 1862 un
1406 1823 1617 1870 passaggio
1643 1823 1715 1861 che
1741 1833 1821 1860 non

327 1873 522 1917 possiamo
559 1871 809 1916 indovinare]
917 1884 938 1909 e
969 1871 1054 1909 diro
1079 1883 1201 1919 ,come
1243 1883 1414 1918 sor-gano
1445 1870 1822 1918 improvvisamente
1868 1875 1872 1880 ⁴

327 1920 464 1957 valida
490 1924 691 1958 ventorum
716 1920 895 1966 flamina,
922 1932 943 1957 e
970 1931 1079 1957 come
1105 1919 1171 1965 poi
1197 1919 1230 1956 si
1254 1919 1465 1965 plachino.
1481 1949 1490 1959 .
1506 1949 1514 1958 .
1543 1932 1564 1958 e
1586 1930 1694 1958 come
1715 1920 1821 1959 tutto

327 1966 386 2005 cio
406 1967 478 2005 che
504 1967 545 2004 in
571 1967 671 2005 cielo
699 1980 767 2005 era
794 1967 926 2005 nembi
953 1980 974 2005 o
1001 1969 1198 2012 tempesta
1224 1967 1258 2004 si
1282 1968 1383 2005 muti
1407 1968 1485 2014 poi,
1510 1968 1670 2014 placata
1699 1965 1818 2008 l’ira3

328 2028 349 2052 o
380 2018 485 2052 tutte
506 2015 636 2052 l’altre
658 2027 746 2053 cose
774 2015 846 2053 che
872 2015 928 2060 gli
948 2015 1098 2053 uomini
1125 2027 1197 2052 con
1216 2015 1348 2054 animo
1366 2027 1525 2062 sospeso
1543 2028 1564 2055 e
1583 2014 1820 2068 spaventato

327 2062 481 2100 vedono
513 2063 703 2100 avvenire
738 2063 779 2100 in
817 2063 916 2100 cielo
944 2074 965 2100 e
992 2063 1032 2100 in
1066 2065 1187 2108 terra,
1211 2075 1233 2101 e
1259 2063 1330 2101 che
1357 2063 1588 2102 aceasciano
1613 2061 1670 2108 gli
1696 2072 1821 2099 amml

327 2112 431 2147 sotto
467 2110 495 2147 il
520 2122 615 2156 peso
650 2110 714 2148 del
752 2111 869 2148 timor
895 2110 1003 2155 degli
1030 2110 1105 2156 dei,
1131 2122 1202 2156 per
1233 2109 1306 2157 cio,
1340 2111 1413 2149 ohe
1438 2110 1692 2156 l’ignoranza
1717 2106 1820 2146 delle

329 2170 459 2201 cause,
478 2170 556 2196 ecc.
574 2188 590 2204 „
680 2179 723 2184 —
740 2158 798 2195 52.
822 2162 857 2196 et
883 2159 1019 2203 (quae)
1039 2157 1209 2205 faciunt.
1229 2157 1347 2196 Come
1369 2159 1636 2204 giustamente
1658 2167 1820 2195 ossei-va

328 2205 354 2242 il
381 2206 536 2252 Munro,
561 2218 641 2244 non
667 2206 720 2243 ha
746 2205 891 2243 alcuna
923 2205 1093 2243 durezza
1129 2205 1200 2243 che
1237 2205 1265 2243 il
1290 2218 1401 2253 quae,
1425 2206 1634 2245 sottinteso
1660 2203 1729 2250 qui
1755 2202 1821 2241 dal

327 2266 363 2289 v.
389 2254 446 2296 50,
474 2255 532 2291 sia
566 2253 606 2291 la
631 2254 672 2291 in
698 2254 887 2292 funzione
922 2253 962 2290 di
988 2256 1151 2299 oggetto
1189 2265 1210 2291 e
1237 2254 1305 2298 qui
1330 2253 1368 2291 di
1396 2256 1591 2300 soggetto.
1617 2251 1698 2291 Gfr.
1722 2250 1820 2289 Hor.

329 2301 410 2338 Sat.
436 2301 478 2338 ΙΙ
497 2303 517 2338 6
548 2302 604 2338 72.
631 2302 700 2339 sed
731 2302 833 2348 quod
861 2303 988 2347 mayis
1022 2302 1075 2339 ad
1102 2312 1174 2339 nos
1207 2301 1388 2339 Pertinet
1418 2305 1454 2339 et
1485 2301 1638 2344 nescire
1669 2299 1820 2337 malum

330 2353 398 2394 est,
422 2347 501 2386 Cic.
524 2350 570 2386 cte
599 2349 707 2387 Orat.
734 2349 775 2386 ΙΙ
801 2350 846 2386 43
873 2349 974 2396 quod
999 2354 1034 2386 et
1060 2361 1084 2386 a
1114 2349 1259 2388 Crasso
1286 2353 1431 2387 tactum
1457 2353 1512 2387 est
1529 2353 1565 2387 et
1585 2346 1820 2386 Aristoteles

328 2397 526 2434 adiunoeic.
559 2396 662 2434 Vedi
688 2396 861 2441 Madvig.
887 2396 1022 2443 Opusc.
1051 2397 1175 2434 Acad.
1198 2397 1239 2433 11
1264 2410 1301 2442 p.
1325 2397 1391 2434 177
1415 2409 1435 2434 e
1462 2410 1485 2435 a
1509 2396 1568 2435 De
1594 2395 1686 2433 Fin.
1713 2393 1821 2431 V26.

327 2443 485 2489 Eppero
504 2455 581 2482 non
605 2456 763 2482 occorre
782 2446 938 2482 mutare
957 2456 1030 2482 con
1048 2444 1167 2481 Bern.
1186 2444 1278 2488 Brg.
1298 2448 1333 2482 et
1351 2445 1393 2482 in
1411 2444 1516 2482 haec.
1612 2461 1655 2468 —
1673 2441 1720 2478 52
1736 2452 1820 2486 egg-

327 2497 511 2542 Epicuro,
538 2497 644 2535 nella
670 2498 815 2535 lettera
849 2509 873 2535 a
901 2497 1086 2542 Erodoto‚
1114 2499 1171 2543 78,
1198 2492 1279 2537 τοὺς
1311 2492 1444 2544 φόβους
1476 2498 1578 2544 ἔχειν
1604 2490 1685 2535 τοὺς
1709 2493 1822 2530 ταῦτα

326 2545 552 2596 κατιδόντας,
577 2554 674 2590 τίνες
700 2551 734 2585 δ’
742 2553 780 2586 αἱ
805 2546 931 2595 φύσεις
956 2547 1179 2598 ἀγνοοῦντας
1203 2553 1265 2586 καὶ
1282 2554 1378 2590 τίνες
1396 2553 1434 2586 αἱ
1449 2546 1668 2601 κυριώταται
1693 2545 1821 2589 datiae,

327 2603 401 2635 etc.
499 2618 542 2624 —
568 2599 685 2636 5657.
700 2612 745 2631 z
760 2599 779 2636 I
805 2599 970 2643 153.154,
993 2598 1170 2644 ripetuti,
1191 2598 1296 2636 forse
1316 2597 1367 2636 da
1386 2597 1578 2637 Lucrezio
1603 2599 1742 2642 stesso,
1765 2607 1820 2632 un
1868 2614 1872 2636 ῑ

326 2658 424 2690 poco
450 2646 520 2692 pin
545 2646 626 2692 gisi,
651 2647 769 2692 90.91‚
796 2659 830 2693 e,
855 2646 919 2684 chi
944 2658 988 2684 sa
1014 2658 1135 2692 come,
1167 2646 1482 2684 indebitamente
1516 2644 1661 2683 intrusi
1694 2642 1820 2681 anche
1852 2661 1854 2667 =

327 2693 406 2737 qui.
506 2714 547 2718 —
574 2693 694 2730 58-66
711 2709 752 2724 =
768 2694 805 2731 V
831 2695 957 2732 82-90.
984 2693 1087 2732 Vedi
1112 2693 1152 2731 la
1178 2694 1305 2738 prima
1330 2697 1426 2731 nota
1446 2706 1470 2731 a
1487 2694 1628 2739 questo
1645 2690 1759 2729 libro.
1783 2688 1820 2727 11
1858 2688 1872 2711 *⁴

327 2752 442 2778 verso
467 2742 661 2787 aggiunto
684 2741 762 2787 qui,
789 2743 845 2788 67,
871 2741 892 2779 ὸ
919 2754 1040 2786 segno
1066 2741 1138 2779 che
1159 2740 1199 2778 la
1219 2741 1452 2786 ripetizione
1473 2740 1495 2779 ὸ
1516 2741 1621 2780 faeta
1641 2751 1663 2777 e
1683 2738 1821 2776 voluta

328 2787 378 2827 (la
406 2789 607 2827 Lucrezio.
634 2789 726 2827 Sola
753 2788 943 2827 diversit&
968 2790 1007 2827 la
1033 2789 1161 2827 forma
1187 2789 1309 2826 ablat.
1334 2791 1490 2828 rationi
1497 2802 1511 2834 ‚·
1544 2787 1614 2826 cfr.
1640 2786 1824 2824 mucroni
1856 2792 1860 2797 ·’
