1872 3002
363 205 450 250 244
775 201 861 248 DE
893 200 1125 248 RERUM
1156 199 1434 247 NATURA

395 302 440 344 ct
472 297 608 355 longe
642 299 830 343 cunctas
862 295 910 341 in
942 294 1087 354 partis
1119 293 1466 353 dispiciendum,

394 368 446 410 ut
477 361 789 409 reminiscaris
820 376 1045 408 summam
1080 376 1234 407 rerum
1267 376 1363 407 esse
1395 360 1684 419 profundam,
1716 354 1718 360 ’

291 446 361 483 650
391 434 435 476 et
466 429 623 477 videas
656 427 832 474 caelum
863 426 1061 474 summai
1091 426 1234 473 totius
1269 442 1414 473 unum

392 510 529 554 quam
563 494 623 541 sit
654 492 849 552 parvula
882 507 988 551 pars
1020 496 1064 538 et
1097 507 1237 550 quam
1268 491 1531 538 multesima
1563 495 1751 550 constet,

390 576 476 606 nec
505 564 604 606 tota
635 574 756 618 pars,
789 557 924 604 homo
956 556 1095 603 terrai
1129 561 1269 616 quota
1299 556 1442 604 totius
1473 572 1619 614 unus„
1683 611 1686 613 ,

391 624 512 684 quod
544 624 657 670 bene
690 623 973 695 propositum
1006 622 1044 674 si
1076 621 1211 680 plane
1244 626 1488 669 contueare

389 705 446 743 ac
476 688 636 736 videas
666 688 816 746 plane,
849 687 1010 734 mirari
1041 686 1187 733 multa
1218 686 1466 760 relinquas.

290 772 359 809 655
390 753 607 814 numquis
638 753 760 800 enim
793 756 1000 799 nostrum
1035 752 1245 809 mir,atur
1278 751 1422 811 siquis
1453 751 1502 798 in
1533 755 1662 798 artus

390 819 568 879 accepit
600 818 748 866 calido
780 818 945 865 febrim
979 818 1157 864 fervore
1191 821 1394 864 coortam

391 889 470 932 aut
501 884 646 931 alium
678 882 888 942 quemvis
919 881 1066 929 morbi
1099 897 1178 940 per
1211 881 1417 928 membra
1448 855 1687 929 dolorem?

390 949 672 1009 opturgescit
703 948 823 994 enim
857 948 1008 994 subito
1042 963 1131 1005 pes,
1165 946 1330 1005 arripit
1362 963 1466 993 acer
1512 972 1517 981 ‚

390 1031 523 1074 saepe
556 1014 683 1061 dolor
715 1014 887 1072 dentes,
918 1012 1072 1059 oculos
1103 1012 1284 1058 invadit
1316 1012 1363 1058 in
1396 1013 1533 1072 ipsos,

290 1096 360 1133 660
390 1081 548 1128 existit
579 1095 706 1127 sacer
736 1079 859 1138 ignis
890 1083 934 1125 et
965 1078 1059 1125 urit
1090 1093 1276 1150 corpore
1307 1093 1494 1136 serpens

391 1160 733 1219 quamcumque
759 1143 956 1202 arripuit
990 1141 1171 1202 partim,
1206 1142 1414 1202 repitque
1446 1157 1527 1201 per
1559 1132 1701 1200 artus,

390 1211 625 1268 nimirum,
659 1210 767 1269 quia
798 1213 905 1256 sunt
938 1208 1188 1255 multarum
1222 1208 1398 1255 semina
1428 1223 1597 1266 rerum,

390 1282 435 1323 et
467 1276 579 1324 satis
611 1275 723 1322 haec
755 1274 891 1321 tellus
923 1274 1054 1321 nobis
1088 1273 1354 1332 caelumque
1385 1272 1497 1320 mali
1527 1273 1630 1331 fert,

391 1341 512 1388 unde
544 1345 682 1400 queat
714 1340 785 1387 vis
817 1339 1031 1386 immensi
1064 1354 1354 1398 procrescere
1387 1338 1547 1386 morbi.

291 1421 359 1457 665
394 1407 458 1455 sic
490 1407 637 1466 igitur
669 1406 755 1453 toti
787 1406 911 1453 caelo
944 1410 1186 1464 terraeque
1218 1404 1518 1460 putandumst

391 1490 449 1520 ex
480 1472 660 1519 infinito
692 1472 805 1519 satis
837 1471 992 1518 omnia
1023 1470 1329 1530 suppeditare,

390 1538 512 1584 unde
546 1541 733 1596 repente
767 1540 907 1595 queat
938 1535 1074 1583 tellus
1107 1551 1328 1583 concussa
1358 1535 1534 1583 moveri

391 1619 562 1662 perque
594 1619 720 1649 mare
752 1618 806 1649 ac
837 1607 984 1649 terras
1016 1602 1204 1661 rapidus
1236 1617 1500 1660 percurrere
1532 1601 1680 1659 turbo,

359 1805 646 1851 (cominciando
667 1806 772 1843 forse
794 1805 901 1843 dalla
928 1807 1054 1843 stessa
1080 1804 1266 1843 eruzione
1294 1803 1518 1850 dell’Etna)
1543 1804 1608 1843 dei
1634 1805 1743 1851 quali
1769 1805 1849 1851 egli
1870 1804 1872 1808 ’

360 1866 439 1892 non
465 1856 611 1899 poteva
637 1856 797 1891 trovare
825 1854 863 1891 la
889 1853 1142 1898 spiegazione
1169 1853 1209 1889 in
1234 1853 1419 1898 Epicuro,
1445 1865 1466 1890 e
1492 1852 1646 1891 doveva
1672 1854 1868 1893 cercarla

359 1914 495 1948 presso
521 1901 628 1942 altri,
654 1901 829 1946 epicurei
855 1913 877 1938 o
894 1913 982 1938 non
1008 1900 1195 1946 epicurei.

456 1948 541 1987 647.
570 1950 672 1987 late.
710 1978 718 1986 .
745 1948 873 1986 alte⁶⁴
894 1948 935 1985 in
962 1949 1072 1993 largo
1099 1961 1120 1986 e
1160 1949 1198 1985 in
1232 1948 1463 1994 profondo„
1474 1950 1610 1986 wnota
1634 1947 1674 1986 la
1708 1947 1869 1986 voluta

360 2009 598 2055 assonanza3
625 2008 720 2034 sono
746 1996 784 2034 le
809 1998 932 2034 stesse
960 1996 1102 2034 lettere
1124 2008 1197 2034 con
1218 2008 1272 2033 un
1298 2008 1406 2042 semp
1409 1997 1483 2034 lice
1505 1997 1785 2041 spostamento
1812 1995 1867 2033 ΙΙ

360 2045 542 2090 pensiero
564 2043 585 2082 e
606 2044 906 2082 ulteriormente
927 2043 1192 2081 determinato
1213 2043 1279 2081 nel
1297 2057 1412 2083 verso
1430 2056 1487 2089 sg.
1507 2044 1578 2082 648
1598 2043 1688 2088 (con
1708 2043 1847 2089 lonye),
1863 2042 1872 2090 ξ

362 2092 434 2129 che
460 2092 550 2129 vale
586 2095 698 2129 tanto
724 2104 796 2136 per
816 2091 843 2128 il
872 2092 950 2128 late
975 2091 1047 2128 che
1082 2104 1152 2136 per
1178 2091 1202 2128 l'
1213 2091 1302 2129 alte.
1412 2111 1455 2117 —
1480 2089 1567 2128 649.
1590 2090 1851 2145 profundam,
1863 2092 1872 2138 g

361 2139 427 2177 all’
440 2139 607 2177 infinito.
711 2158 756 2164 -—
781 2139 867 2176 650.
894 2139 1068 2176 caelum.
1107 2168 1115 2176 .
1142 2151 1279 2185 unum,
1317 2138 1408 2177 “un
1434 2139 1491 2177 sol
1519 2137 1698 2184 mondo„
1712 2137 1847 2184 ‚indi—
1860 2141 1872 2188 ξ

361 2190 450 2224 cato
475 2187 541 2232 pel
565 2198 636 2224 suo
664 2191 913 2224 contenente.
1014 2206 1053 2211 -
1079 2168 1164 2223 651.
1189 2186 1447 2224 “multesima
1472 2197 1575 2233 pars
1599 2183 1622 2223 ὸ
1648 2186 1770 2223 citato
1797 2184 1872 2222 da<

360 2234 542 2280 Noniop
546 2236 637 2272 .176
659 2246 767 2271 come
798 2233 926 2272 ‘nove
946 2234 1334 2280 posita,:Lue1-ezio
1355 2234 1380 2271 l'
1394 2234 1446 2271 ha
1466 2235 1637 2272 formato
1661 2232 1848 2270 sull’ana*

360 2282 467 2327 logia
485 2248 542 2319 dip
544 2282 788 2326 millesimus,
809 2282 868 2319 col
891 2293 1006 2319 senso
1029 2281 1067 2318 di
1089 2264 1316 2327 πολλοστίς,
1340 2282 1494 2319 Mum-0
1566 2301 1614 2306 —
1633 2280 1717 2317 652.
1737 2283 1858 2318 tota·
1831 2308 1845 2326 ‚

361 2331 465 2367 tetus
481 2332 542 2367 sta
561 2342 583 2366 a
605 2333 756 2376 quotus,
774 2341 881 2367 come
903 2331 1042 2366 totiens
1060 2341 1083 2366 a
1098 2331 1285 2375 quotiens.
1299 2311 1457 2367 bolum.
1462 2329 1497 2366 V
1515 2329 1537 2366 3
1555 2329 1578 2366 5
1595 2331 1855 2376 quotcumque

358 2379 498 2423 pedum
516 2379 649 2423 spatia
667 2376 894 2423 faciendum
912 2379 1122 2418 censueris,
1146 2378 1265 2414 totam
1278 2381 1431 2423 partem
1450 2376 1714 2422 lonyitudinis
1734 2379 1770 2412 et
1790 2375 1848 2412 la-

361 2425 548 2462 titudinis
568 2425 693 2461 cluces.
721 2424 861 2462 Anehe
879 2424 1014 2461 Manil.
1031 2424 1088 2460 VI
1106 2426 1138 2461 3
1161 2443 1206 2449 —-
1229 2424 1346 2461 Trad.
1373 2421 1392 2440 ⁸⁶
1408 2423 1458 2462 ne
1475 2424 1503 2461 il
1522 2422 1664 2461 mondo
1689 2420 1711 2460 ὲ
1733 2425 1847 2460 tanta

361 2471 485 2516 (tota)
519 2475 634 2517 parte
661 2471 725 2509 del
751 2474 855 2509 tutto
882 2473 1031 2516 quanto
1060 2470 1219 2518 (quota)
1248 2471 1268 2509 e
1293 2472 1318 2508 l'
1330 2483 1447 2509 uomo
1481 2470 1712 2509 deu’intera
1736 2467 1855 2508 terrai

359 2518 468 2562 (dell’
477 2519 606 2557 intero
635 2519 836 2563 mondo).„
947 2539 993 2543 ——
1020 2518 1110 2556 653.
1134 2521 1377 2565 propositum
1417 2517 1614 2556 “davauti
1633 2517 1714 2555 alla
1740 2528 1856 2554 men-tsv

359 2571 435 2613 te„
555 2587 598 2592 -
639 2571 846 2604 contueare
888 2578 933 2603 ac
970 2567 1103 2603 videas
1145 2566 1263 2603 “ben
1300 2565 1443 2612 guardi
1483 2578 1505 2603 3
1543 2565 1611 2602 hai
1645 2564 1723 2602 ben
1758 2575 1855 2609 pren

360 2617 509 2660 sente„
626 2633 671 2639 —
698 2614 790 2652 660.
817 2626 928 2651 sacer
954 2615 1082 2659 tynis,-
1108 2613 1178 2650 cfr.
1208 2615 1299 2651 1165
1323 2626 1394 2659 p·e›
1418 2612 1590 2650 membra
1615 2623 1728 2650 sacer
1751 2612 1848 2668 dunt

360 2662 517 2700 diditur
537 2663 654 2707 iynis.
673 2661 765 2698 Isid.
794 2663 890 2707 oris.
909 2661 966 2698 IV
988 2663 1010 2698 8
1035 2663 1058 2698 4
1079 2662 1295 2707 erysipelas
1313 2666 1368 2699 est
1389 2673 1498 2707 quem
1519 2660 1665 2698 Latini
1687 2670 1804 2696 sacru
1829 2697 1832 2705 ,

360 2710 491 2754 ignem
518 2709 731 2755 appellant,
758 2710 801 2746 iol
835 2712 891 2763 est
917 2709 1176 2746 eaeectandum
1201 2721 1276 2755 per
1309 2708 1588 2754 antiphrasim.
1614 2706 1695 2745 Ofr.
1720 2706 1805 2743 Ver

356 2767 483 2801 year-9
508 2757 582 2801 Ill,
608 2757 738 2794 ultimi
769 2756 884 2794 versi.
999 2776 1042 2781 —-
1070 2756 1157 2793 663.
1183 2756 1306 2798 nobis,
1332 2755 1502 2794 edizioni
1527 2753 1700 2800 antiche,
1724 2753 1828 2802 Bern

360 2804 501 2842 Munro
519 2805 613 2849 Brg.
634 2815 706 2848 per
727 2816 816 2841 mss.
840 2803 990 2847 morbi}
1011 2803 1131 2841 Laeh.
1153 2803 1250 2841 orbi.
1346 2822 1392 2829 —-
1415 2802 1506 2839 665.
1527 2814 1584 2847 ες.
1610 2801 1680 2840 cfr.
1697 2801 1766 2838 487
1785 2811 1838 2846 eg>
