1872 3002
323 160 408 206 120
744 159 829 206 DE
861 159 1093 206 RERUM
1124 157 1400 206 NATURA

351 253 604 312 inperfecta
635 253 721 301 tibi
753 253 953 312 elapsast
985 252 1263 311 ingrataque
1294 252 1405 311 vita,

353 323 396 365 et
426 319 721 378 necopinanti
756 335 876 366 mors
909 318 967 365 ad
1001 323 1138 376 caput
1170 318 1351 364 adstitit
1383 321 1489 365 ante

354 399 492 442 quam
523 388 652 431 satur
685 399 738 430 ac
771 383 930 442 plenus
964 383 1107 441 possis
1140 382 1372 430 discedere
1404 399 1572 430 rerum.
1844 376 1872 478 ὃ

353 465 476 495 nunc
507 449 657 495 aliena
689 453 769 495 tua
800 453 955 495 tamen
988 452 1137 495 aetate
1170 447 1324 494 omnia
1355 448 1500 506 mitte,
1846 466 1872 510 ’ς

256 526 326 562 960
356 529 500 574 aequo
533 514 790 572 animoque,
823 514 1036 572 agedum,
1069 513 1225 571 gnatis
1257 513 1474 561 concede:
1507 519 1744 564 necessest.
1767 515 1779 535 ²
1846 512 1872 564 -ἶε

354 579 465 633 iure,
499 584 550 625 ut
583 579 756 637 opinor,
792 583 916 636 agat,
950 579 1049 624 iure
1082 579 1287 636 increpet
1319 577 1590 638 inciletque:
1633 603 1636 608 ·
1850 575 1872 635 Ξ

358 644 476 690 cedit
508 644 630 690 enim
662 660 815 690 rerum
846 643 1052 691 novitate
1085 648 1274 690 extrusa
1305 647 1510 692 vetustas
1846 647 1872 676 ³

356 726 545 769 semper,
578 714 622 756 et
654 725 711 756 ex
743 709 845 756 aliis
878 709 1004 755 aliud
1036 725 1249 768 reparare
1281 715 1520 767 necessest.
1858 705 1872 810 ‘i

355 791 440 822 nec
472 775 713 834 quisquam
746 775 794 821 in
829 774 1097 821 barathrum
1129 790 1211 821 nec
1244 774 1444 822 Tartara
1475 775 1658 823 deditur
1688 781 1816 824 atra:
1854 778 1861 794 ²

257 856 326 894 965
358 840 568 887 materies
600 856 712 899 opus
743 845 824 897 est,
856 844 907 886 ut
940 844 1147 886 crescant
1181 844 1362 898 postera
1392 840 1568 899 saecla3

360 921 476 964 quae
507 911 663 952 tamen
695 905 850 952 omnia
882 910 925 951 te
958 905 1055 951 vita
1088 905 1328 964 perfuncta
1361 911 1629 965 sequentur:
1816 942 1834 957 -.
1866 922 1869 926 ’

360 987 443 1018 nec
465 971 616 1018 minus
637 987 746 1029 ergo
779 975 884 1017 ante
917 970 1030 1017 haec
1062 987 1201 1030 quam
1228 975 1280 1017 tu
1306 971 1523 1030 cecidere,
1551 972 1819 1035 cadentque.
1862 962 1872 1001 ''-

334 1177 442 1222 epist.
477 1175 521 1212 15
553 1174 611 1210 10:
647 1174 770 1211 stulta
804 1175 885 1211 vita
919 1176 1081 1219 inyrata
1108 1178 1163 1210 est
1196 1178 1231 1211 et
1262 1175 1435 1220 trepida:
1463 1178 1544 1212 tota
1569 1177 1614 1213 in
1638 1174 1824 1221 futurum
1870 1203 1872 1206 .

334 1224 488 1269 fertum·
513 1233 663 1266 oppure
688 1222 755 1264 (ib.
781 1223 839 1263 23,
866 1224 906 1266 93
943 1222 1011 1258 cfr.
1037 1221 1164 1258 anche
1199 1223 1241 1258 13
1275 1223 1332 1264 16)
1368 1222 1567 1260 molestum
1597 1227 1653 1260 est
1677 1234 1824 1269 semper
1868 1226 1872 1245 '¹

334 1272 454 1307 vitam
488 1269 684 1307 incohare.
711 1268 813 1306 Vedi
843 1269 969 1306 anche
996 1269 1166 1313 Epicuro
1194 1269 1233 1305 in
1259 1268 1421 1316 Seneca,
1439 1271 1547 1315 epist.
1569 1270 1614 1307 22
1634 1270 1688 1307 13.
1715 1282 1824 1308 nemo

335 1330 413 1356 non
439 1320 498 1354 ita
524 1318 604 1354 exit
630 1329 646 1354 e
667 1318 759 1356 vita,
787 1321 982 1362 tamquam
999 1317 1110 1354 modo
1131 1318 1367 1363 intraverit;
1392 1317 1482 1354 anzi
1508 1317 1544 1355 le
1569 1317 1706 1363 parole
1732 1329 1824 1355 sue:

335 1365 406 1405 πᾶς
423 1362 545 1413 ὥσπερ
563 1361 644 1410 ἄρτι
663 1359 822 1411 γεγονώς
841 1363 879 1399 ἐκ
898 1363 960 1399 τοῦ
980 1364 1042 1410 ζῆν
1063 1360 1264 1412 ἀπέρχεται
1291 1364 1348 1407 (in
1374 1364 1534 1406 Wotke‚
1561 1364 1824 1410 Epikurisehe

335 1413 523 1458 Spruohe,
539 1413 579 1448 in
592 1412 747 1449 Wiener
761 1412 939 1458 Studien,
954 1413 1055 1455 1888,
1074 1411 1173 1448 dove
1192 1411 1282 1448 vedi
1301 1412 1427 1449 anche
1441 1412 1477 1449 le
1497 1415 1682 1450 sentenze
1696 1413 1752 1450 35.
1768 1412 1825 1450 75.
1863 1411 1866 1413 ’

338 1469 382 1504 14
403 1478 423 1503 8
450 1467 490 1503 in
516 1465 754 1510 particolare
778 1466 820 1502 19
842 1463 905 1500 τοῦ
930 1462 1124 1511 γεγονέτος
1149 1460 1330 1513 ἀμνήμων
1354 1462 1504 1512 ἄγαθοῦ
1528 1466 1648 1516 γέρων
1668 1463 1826 1514 τήμερον

337 1519 562 1567 γεγένηται).
616 1538 653 1543 --
672 1518 760 1554 956.
777 1518 911 1564 elapsa
929 1522 983 1555 est
1003 1519 1020 1535 “
1037 1516 1093 1555 t’e
1112 1517 1290 1562 sfuggita
1306 1547 1322 1563 „
1345 1533 1387 1547 =
1403 1519 1552 1556 interit.
1603 1538 1650 1543 ——
1663 1518 1754 1555 959.
1774 1522 1826 1555 ta·

337 1579 444 1609 mem
463 1565 546 1604 0108
563 1566 738 1603 sebbene
756 1577 833 1603 non
853 1569 967 1602 saim-
985 1578 1030 1602 ac
1044 1566 1197 1612 plenus.
1295 1585 1338 1590 —
1359 1565 1445 1603 960.
1463 1567 1600 1612 quatis
1617 1577 1691 1604 con
1709 1566 1827 1603 Bern.

338 1627 360 1652 e
385 1615 478 1658 Brg.
504 1626 575 1659 per
599 1625 692 1650 mss·
715 1614 880 1659 maym's.
907 1613 1139 1650 Lachmann
1166 1613 1323 1659 dianis‚·
1346 1613 1490 1650 Munro
1514 1624 1682 1659 maynus
1705 1613 1828 1657 (nella

338 1665 392 1700 3.²
410 1661 528 1707 ediz.;
554 1661 662 1698 nella
680 1660 849 1698 soconda
876 1660 1072 1705 humanis,
1100 1661 1171 1697 che
1194 1659 1214 1697 8
1234 1660 1390 1704 meglio,
1407 1659 1552 1705 perche
1570 1661 1638 1706 qui
1657 1661 1692 1698 ci
1709 1660 1827 1699 vuele

338 1722 392 1747 un
414 1709 560 1747 dativo.
578 1709 627 1746 V.
644 1709 810 1753 Brieger
836 1708 943 1745 nella
969 1708 1199 1745 recensione
1226 1706 1264 1744 di
1290 1707 1468 1753 Munro);
1493 1707 1648 1746 Brandt
1661 1709 1829 1754 quavi&

339 1756 509 1795 Neneini
531 1768 685 1802 ynavus
713 1755 728 1771 ‘⁴
750 1755 800 1792 da
826 1755 951 1792 bravo
973 1784 1002 1800 ,‚.
1030 1755 1142 1792 Tutti
1162 1755 1315 1792 incerti.
1410 1774 1454 1798 ‚-·
1479 1755 1568 1792 96¹.
1587 1756 1743 1802 incita,-
1769 1757 1829 1793 in·-

341 1805 466 1842 cilare
493 1803 509 1819 “
531 1803 709 1849 sgridare
727 1830 746 1846 „
774 1802 794 1840 8
821 1802 960 1848 parola
979 1802 1042 1839 del
1060 1802 1184 1839 latino
1204 1802 1358 1840 arcaieo
1378 1802 1531 1848 (LuciL,
1552 1803 1686 1846 Accio,
1704 1803 1829 1848 Pae.);

341 1854 409 1897 qui
435 1852 626 1889 Lucrezio
653 1863 781 1888 aveva
807 1853 915 1888 certo
941 1850 982 1887 in
1009 1853 1140 1887 mente
1165 1849 1363 1887 Pacuvio:
1389 1851 1428 1887 si
1452 1852 1541 1897 quis
1565 1850 1639 1888 hac
1663 1862 1720 1888 me
1741 1862 1829 1888 ora-

342 1903 446 1938 tione
472 1900 608 1937 incilet
633 1899 728 1945 quid
753 1898 1009 1944 respondeam
1023 1898 1041 1932 .9
1134 1917 1168 1922 —
1195 1896 1276 1932 964.
1296 1897 1478 1942 Sospetto
1497 1897 1540 1935 in
1557 1901 1697 1943 questo
1715 1909 1830 1935 verso

341 1966 422 1991 una
439 1951 753 1997 interpolazione
772 1971 811 1975 -
834 1950 873 1988 di
891 1950 1082 1988 Lucrezio
1101 1952 1238 1987 stesso.
1263 1939 1296 1988 E
1315 1962 1395 1987 una
1413 1950 1690 1988 osservazione
1707 1954 1831 1995 punto
1861 1980 1864 1981 γ

341 1999 667 2045 ῃ888εεειῑίαζᾳηί,
689 2011 709 2036 8
736 1998 888 2043 fredda,
915 2010 935 2035 8
961 1997 1040 2035 mal
1066 2009 1293 2044 commessa,
1312 1997 1561 2043 precedendo
1581 1996 1648 2044 gia
1668 2010 1716 2036 ex
1735 1997 1832 2035 aliis

344 2049 459 2086 aliud
479 2059 669 2094 reparare
691 2050 878 2084 necessest
883 2059 900 2093 ,·
925 2058 945 2083 e
967 2058 1008 2083 se
1027 2045 1218 2083 Lucrezio
1238 2045 1404 2083 l'avesse
1424 2044 1588 2083 creduta
1608 2045 1832 2083 necessaria

343 2097 398 2133 fin
423 2095 489 2132 dal
515 2095 639 2140 primo
666 2096 775 2138 getto
802 2093 866 2131 del
891 2093 1028 2132 brano.
1055 2093 1091 2130 18
1113 2093 1288 2130 avrebbe
1315 2092 1420 2138 dato,
1446 2092 1526 2130 al‘la
1551 2104 1624 2130 sua
1641 2093 1831 2137 maniera,

344 2143 549 2188 maggiore
563 2142 758 2186 svilupp0‚
774 2154 794 2178 e
809 2153 887 2178 non
902 2140 1195 2178 mancherebbe
1213 2152 1267 2177 un
1283 2140 1352 2178 sed
1368 2139 1406 2177 al
1423 2152 1459 2178 v.
1474 2152 1530 2186 sg.
1578 2159 1625 2166 —-
1643 2141 1726 2176 967.
1741 2151 1832 2186 erqo

346 2204 424 2229 non
449 2192 583 2228 minus
608 2200 725 2236 quam
749 2193 790 2225 tu
815 2189 909 2225 haec
935 2192 1026 2225 ante
1051 2188 1219 2225 cecidere
1244 2188 1481 2234 cadentque;
1515 2187 1587 2225 che
1620 2186 1650 2225 il
1688 2187 1832 2226 Munro

347 2239 504 2283 spiega:
533 2238 708 2282 “queste
735 2238 858 2273 stesse
884 2247 973 2273 cose
1000 2235 1071 2272 che
1099 2247 1168 2272 ora
1192 2247 1264 2272 son
1289 2234 1448 2273 florenti
1474 2247 1545 2280 per
1559 2234 1599 2272 la
1615 2239 1751 2273 vostra
1769 2233 1834 2272 de-

346 2285 532 2329 oadenza,
566 2296 637 2322 son
669 2283 735 2328 gia
767 2283 910 2320 eadute
945 2295 1030 2320 esse
1065 2284 1188 2319 stesse
1217 2283 1258 2319 in
1283 2282 1384 2319 altre
1411 2282 1699 2321 combinazioni
1723 2293 1832 2320 come

346 2345 416 2371 ora
433 2331 572 2370 cadete
590 2331 667 2376 voi,
694 2344 714 2368 e
732 2330 932 2367 cadranno
955 2330 993 2367 di
1011 2342 1141 2367 nuovo
1168 2330 1206 2366 in
1226 2330 1327 2367 altre
1345 2329 1632 2368 combinazioni
1648 2330 1796 2368 future.
1813 2355 1831 2374 „

346 2381 414 2418 Ma
438 2380 476 2417 le
503 2381 522 2398 “
541 2379 643 2416 altre
668 2378 955 2416 combinazioni
976 2407 991 2423 „
1021 2376 1234 2415 escludono
1260 2377 1332 2414 che
1358 2377 1391 2414 si
1409 2377 1523 2415 tratti
1551 2377 1567 2395 ⁴¹
1584 2377 1687 2415 delle
1708 2379 1832 2414 stesse

348 2440 436 2466 cose
454 2453 486 2471 ,‚.
511 2427 722 2470 Insomma,
748 2438 789 2463 se
815 2426 908 2463 haec
932 2425 1023 2462 vuol
1051 2425 1136 2462 dire
1169 2425 1205 2462 18
1231 2437 1308 2467 res,
1339 2424 1377 2462 18
1409 2424 1675 2471 generazioni,
1706 2436 1786 2462 non
1812 2422 1834 2462 ὸ

348 2487 443 2513 vero
469 2475 540 2512 che
568 2474 677 2510 sieno
702 2473 739 2510 le
766 2472 977 2510 medesime
1004 2472 1076 2509 che
1103 2473 1271 2509 cecidere
1305 2483 1326 2509 8
1353 2473 1492 2510 cadent
1523 2471 1650 2516 (salvo
1681 2471 1712 2510 il
1743 2483 1833 2509 caso

349 2523 454 2560 della
479 2520 739 2567 palingenesi,
765 2520 837 2557 che
863 2520 929 2565 qui
955 2531 1034 2556 non
1062 2519 1253 2565 c’entra);
1284 2531 1326 2557 se
1358 2519 1380 2557 ὸ
1413 2519 1453 2556 la
1483 2519 1665 2565 materia,
1698 2531 1778 2557 non
1811 2517 1833 2556 ὸ
1864 2564 1865 2567 ¹

349 2582 444 2608 vero
471 2570 543 2607 che
569 2569 707 2606 cecidit
725 2580 745 2605 e
764 2568 882 2605 cadet.
910 2566 942 2604 Ι]
962 2569 1143 2604 concetto
1162 2567 1213 2603 mi
1232 2578 1305 2611 par
1322 2566 1392 2612 piu
1407 2566 1613 2611 semplice:
1637 2578 1719 2604 una
1737 2578 1834 2603 sem·
1868 2589 1869 2594 =

348 2618 451 2664 plice
470 2615 692 2654 estensione
708 2615 833 2652 anche
851 2615 928 2652 alle
943 2614 1196 2659 generazioni
1209 2617 1368 2659 passate
1386 2613 1450 2651 del
1462 2616 1641 2652 concetto
1655 2625 1834 2659 cupresso

350 2665 416 2703 nel
440 2677 476 2702 v.
497 2663 654 2709 preced.
672 2675 742 2708 per
758 2662 795 2699 le
814 2662 1068 2707 generazioni
1088 2662 1235 2698 future.
1253 2661 1408 2699 Mentre
1429 2673 1527 2707 quae
1543 2661 1607 2698 del
1624 2673 1660 2699 v.
1677 2660 1835 2706 preced.
1858 2664 1862 2668 ‘

351 2725 397 2745 Ξ
422 2716 577 2758 postera
603 2711 746 2756 saecla,
779 2710 846 2754 qui
873 2709 966 2746 haec
989 2708 1176 2753 s'allarga
1199 2708 1578 2746 inavvertitamente
1612 2720 1636 2745 a
1661 2707 1836 2746 indicare

356 2761 370 2775 ‘⁴
390 2762 528 2805 queste
554 2758 809 2805 generazioni
835 2756 1095 2795 succedentisi
1119 2786 1134 2802 „
1162 2756 1203 2794 in
1224 2768 1382 2802 genere.
1411 2754 1428 2771 “
1449 2755 1550 2793 Vedi
1577 2755 1736 2802 dunque
1762 2755 1835 2793 che
