1872 3002
325 179 384 225 90
739 174 825 221 DE
856 137 1089 220 RERuM
1120 164 1398 220 NATURA

353 271 467 318 haut
499 270 585 318 erit
616 274 668 316 ut
702 268 863 315 merito
895 266 1156 314 inmortalis
1188 267 1331 326 possit
1362 266 1535 326 haberi,

353 337 562 396 partibus
594 334 774 382 amissis
807 333 1026 393 quoniam
1058 333 1203 380 libata
1233 333 1438 382 recessit:

254 417 322 454 715
353 403 425 450 sin
455 402 523 449 ita
554 400 745 448 sinceris
777 398 995 446 membris
1027 398 1185 446 ablata
1217 398 1437 458 profugit,

354 473 404 514 ut
435 466 586 514 nullas
619 465 764 526 partis
795 464 844 511 in
877 479 1064 523 corpore
1094 464 1282 523 liquerit
1313 481 1371 512 ex
1401 481 1462 522 se,

353 533 474 580 unde
507 532 734 579 cadavera
765 530 974 577 rancenti
1005 530 1099 576 iam
1131 530 1305 594 viscere
1337 546 1516 578 vermes

354 599 582 658 expirant,
616 602 752 657 atque
784 596 906 643 unde
938 596 1228 643 animantum
1262 597 1395 656 copia
1425 601 1558 644 tanta

354 681 463 712 exos
496 669 540 711 et
572 663 824 722 exsanguis
858 662 1059 710 tumidos
1090 663 1365 721 perfluctuat
1398 664 1560 711 artus?
1591 668 1594 670 ’

326 909 355 946 li
382 920 402 945 e
429 908 462 946 si
489 907 724 946 fabbricano
750 906 857 944 dalla
882 906 1052 944 materia
1067 905 1142 961 'del
1169 905 1364 946 cadavere
1397 907 1411 944 i
1440 907 1553 954 corpi
1585 907 1648 947 dei
1679 909 1818 957 vermi,

326 968 398 1002 per
424 956 689 1002 annidarvisi3
716 967 866 1001 oppure
893 954 1020 999 prima
1046 966 1078 991 ει
1104 954 1284 992 formano
1302 955 1314 991 i
1333 956 1534 1002 eorpicini,
1561 969 1582 994 e
1600 955 1666 1002 poi
1685 968 1818 1006 accor-

327 1016 424 1042 rono
451 1004 486 1042 le
514 1004 645 1042 anime
672 1016 693 1041 e
719 1004 760 1041 vi
783 1005 1004 1048 penetrano
1023 1014 1046 1039 a
1063 1002 1293 1047 ravvivarli‚
1315 1014 1397 1040 una
1417 1015 1490 1049 per
1505 1004 1704 1043 ciascuno.
1727 1004 1818 1042 Non

327 1064 448 1097 regge
477 1053 517 1090 la
533 1051 662 1098 prima
683 1050 971 1096 supposizione,
987 1048 1142 1104 perche
1155 1049 1313 1088 codeste
1334 1056 1521 1097 supposta
1541 1052 1673 1091 anime
1691 1052 1819 1090 libere

327 1112 406 1138 non
419 1100 642 1138 avrebbero
659 1111 806 1136 nessun
822 1098 1028 1144 interesse,
1042 1110 1062 1135 e
1077 1098 1214 1142 qumdi
1233 1110 1377 1136 nessun
1393 1099 1602 1146 desiderio,
1614 1100 1655 1138 di
1671 1101 1819 1147 crearsi

327 1151 487 1186 attorno
505 1160 561 1185 un
580 1159 738 1185 carcere
761 1146 799 1183 di
822 1145 948 1184 dolori
967 1165 1014 1170 —
1035 1158 1056 1183 e
1078 1145 1172 1183 dato
1194 1146 1320 1184 anche
1341 1147 1553 1194 volesser0‚
1573 1159 1653 1186 non
1669 1147 1818 1186 si-vede

328 1207 437 1234 come
463 1196 704 1241 potrebbero
732 1194 790 1232 cio
816 1194 922 1240 fare3
954 1205 1033 1231 non
1059 1205 1182 1238 regge
1212 1194 1251 1231 la
1277 1194 1446 1232 seconda
1474 1196 1629 1242 ipotesi,
1652 1195 1819 1241 perche,

328 1255 437 1281 come
464 1243 523 1281 s’e
549 1243 616 1288 gia
641 1243 757 1284 visto,
781 1241 847 1279 un’
860 1242 993 1279 anima
1025 1241 1097 1279 che
1124 1241 1189 1278 dal
1216 1241 1255 1279 di
1280 1242 1386 1280 fuori
1419 1244 1523 1281 entri
1550 1244 1592 1281 in
1617 1255 1671 1291 un
1698 1255 1818 1288 corpo

328 1291 393 1336 gie
419 1291 604 1337 formato,
630 1303 710 1328 non
736 1289 932 1336 potrebbe
958 1288 1039 1327 cosi
1064 1289 1307 1327 sottilmente
1335 1290 1595 1330 intrecciarsi‘
1616 1290 1678 1330 col
1702 1290 1820 1336 corpo

328 1342 465 1384 stesso,
491 1339 543 1377 da
569 1338 764 1384 produrre
791 1338 803 1375 i
829 1337 957 1375 mutui
982 1337 1078 1374 moti
1111 1338 1273 1375 atomioi
1306 1337 1433 1376 vitali.
1464 1359 1511 1366 —
1543 1339 1702 1383 Stobeo,
1735 1338 1821 1376 Ecl.

328 1400 364 1432 p.
386 1389 456 1424 900
481 1387 660 1425 riferisce
687 1385 899 1431 l'opinione
927 1384 966 1422 di
990 1385 1218 1423 Democrito
1253 1385 1301 1423 ed
1326 1385 1499 1432 Epicuro
1531 1387 1603 1425 che
1635 1381 1726 1423 κατὰ
1751 1399 1816 1433 με·

328 1430 482 1490 ταβολὴν
508 1434 548 1473 ἐξ
573 1430 652 1474 ἑνὸς
677 1429 763 1482 ζῴου
790 1433 1043 1483 φθειρομένου
1067 1434 1129 1468 καὶ
1153 1428 1270 1468 πολλὰ
1296 1432 1366 1481 ζῷα
1389 1436 1451 1470 καὶ
1477 1431 1612 1475 πολλὰς
1636 1430 1818 1477 ζωᾶςηπα-

329 1496 494 1529 ραγουσι.
589 1503 635 1507 -
662 1482 741 1518 711.
767 1493 911 1528 necne,·
945 1481 972 1517 ii
1006 1480 1148 1518 Munro
1184 1481 1263 1518 cita
1296 1481 1375 1520 Cic.
1407 1482 1520 1520 Tusc.
1555 1482 1618 1520 ΙΙΙ
1649 1484 1694 1520 41
1727 1485 1821 1520 sunt

330 1532 422 1568 haec
449 1535 519 1568 tua
544 1529 662 1568 verba
687 1541 805 1567 necne
817 1528 848 1572 .2,
885 1541 906 1566 e
932 1528 1113 1574 Draeger
1140 1528 1230 1566 hist.
1265 1534 1365 1575 synt.
1392 1530 1413 1567 I
1438 1531 1520 1576 324,
1554 1530 1627 1569 cho
1643 1530 1819 1568 ,afferma

330 1590 460 1616 essere
495 1578 625 1624 questi
661 1578 673 1615 i
706 1577 783 1614 due
817 1576 890 1615 soli
925 1576 1074 1621 esempi
1108 1575 1147 1613 di
1180 1588 1299 1615 necne
1339 1577 1380 1614 in
1411 1577 1732 1624 interrogazione
1765 1576 1820 1614 di-

328 1628 448 1664 retta.
542 1646 588 1651 —
615 1626 851 1672 linquontur
877 1637 897 1662 e
923 1637 959 1662 v.
985 1636 1088 1669 succ.
1129 1624 1346 1662 lincuntur.
1375 1628 1392 1642 ‘⁸
1414 1625 1656 1673 Relinquont
1679 1626 1701 1663 Ι
1726 1626 1816 1666 743:

328 1674 562 1721 relinquunt
582 1673 618 1710 V
643 1674 753 1718 1237;
781 1673 936 1710 lincunt
960 1676 1021 1709 tre
1047 1671 1174 1718 volte3
1201 1677 1388 1710 secuntur
1408 1676 1510 1712 sette
1532 1674 1663 1720 volte:
1689 1673 1820 1711 locun-

331 1726 396 1759 tur
414 1722 473 1758 IV
494 1723 584 1767 5813
605 1721 816 1768 loquentur
836 1721 922 1766 5903
945 1720 1161 1766 loquuntur
1185 1721 1289 1758 1018.
1307 1721 1428 1759 'rutte
1446 1723 1587 1767 queste
1604 1719 1743 1767 grafio,
1760 1732 1822 1758 ec-

329 1772 434 1808 cetto
450 1769 632 1814 l’ultima,
653 1780 775 1806 erano
794 1767 1112 1813 probabilmente
1130 1767 1195 1804 nei
1210 1769 1457 1807 manoscritti
1478 1769 1695 1807 luereziani
1711 1767 1819 1806 della

329 1817 592 1862 generazione
618 1816 842 1854 successiva
863 1815 944 1853 alla
960 1819 1085 1852 morte
1105 1814 1143 1851 di
1162 1815 1373 1863 Lucrezi03
1392 1829 1472 1854 una
1489 1829 1614 1863 prova
1635 1816 1699 1855 del
1716 1827 1816 1861 gran

330 1865 465 1903 valore
495 1864 558 1902 dei
587 1865 713 1903 nostri
743 1863 989 1901 manoscritti
1015 1863 1263 1908 (lucreziani)
1293 1865 1461 1910 rispetto
1492 1863 1819 1910 all-'ortografia3

329 1912 470 1958 poiche
491 1925 638 1950 nessun
662 1912 777 1957 altro,
799 1923 978 1957 neppure
1000 1911 1011 1947 i
1032 1910 1248 1955 virgiliani,
1270 1924 1516 1951 conservano
1533 1912 1575 1950 in
1593 1911 1714 1958 egual
1731 1923 1820 1956 pro·

329 1961 515 2006 porzione
541 1960 579 1998 le
598 1960 723 1999 forme
745 1959 917 1997 antiche.
936 1985 955 2003 „
978 1958 1130 1996 Munro.
1204 1980 1251 1985 —
1273 1961 1354 1998 713.
1376 1961 1435 1998 La
1457 1973 1597 1999 cesura
1617 1959 1718 2006 dopo
1739 1959 1818 1996 l’in

330 2009 370 2045 di
391 2008 646 2055 inmortalis;
664 2008 734 2046 cfr.
755 2008 797 2045 II
818 2008 919 2045 1059.
992 2026 1039 2032 —-
1053 2006 1151 2044 haut
1168 2009 1244 2044 erit
1260 2012 1304 2045 ut
1317 2010 1453 2054 possit,
1475 2020 1585 2047 come
1602 2008 1663 2045 nil
1682 2009 1757 2045 erit
1774 2010 1818 2044 ut

330 2057 458 2102 distet,
485 2060 540 2094 est
565 2060 609 2093 ut
630 2056 895 2102 quaerendum
915 2055 1099 2092 videatur
1124 2057 1197 2092 etc.
1225 2067 1245 2092 e
1267 2055 1419 2100 perfino
1439 2056 1485 2103 fit
1508 2057 1573 2094 uti
1593 2056 1677 2103 fi'at,
1703 2055 1747 2102 fit
1771 2058 1816 2091 ut

329 2105 430 2150 fiant
449 2104 504 2141 VI
524 2104 591 2141 72?
607 2116 691 2149 sgg.
764 2122 810 2127 —-
835 2101 916 2138 714.
939 2102 1011 2139 cfr.
1029 2102 1111 2145 213,
1129 2103 1190 2139 nil
1209 2102 1268 2140 ibi
1287 2103 1464 2142 libatum.
1538 2123 1584 2128 -—
1599 2103 1678 2139 715.
1697 2104 1820 2140 since-

329 2154 390 2190 ris
415 2152 620 2198 membris,·
645 2164 723 2189 non
744 2150 847 2188 delle
869 2150 1046 2187 membra
1069 2149 1132 2187 del
1154 2162 1283 2196 corpo,
1307 2164 1327 2188 e
1349 2163 1458 2190 come
1479 2163 1551 2196 per
1572 2153 1774 2189 contrasto
1794 2161 1820 2187 a

329 2202 513 2237 rancenti
528 2201 610 2237 iam
627 2201 783 2243 viscere,
809 2210 919 2236 come
936 2196 1098 2235 intende
1118 2197 1144 2234 il
1163 2197 1317 2245 Munro,
1338 2211 1403 2237 ma
1423 2198 1445 2237 ὸ
1463 2198 1574 2237 detto
1593 2198 1819 2236 dell’anima

330 2247 390 2292 (ne
417 2259 576 2285 ocoorre
603 2249 759 2284 mutare
784 2245 826 2283 in
852 2247 1009 2283 sincera
1035 2257 1082 2282 ex
1106 2246 1300 2287 membris,
1327 2259 1400 2285 con
1426 2247 1598 2292 Faber):
1630 2245 1819 2291 l’espres·

329 2296 439 2333 sione
464 2307 544 2332 non
570 2294 591 2332 ὸ
617 2297 729 2332 tanto
755 2296 904 2339 strana,
931 2292 1042 2330 detta
1068 2292 1322 2331 d’un’anima
1343 2295 1416 2332 che
1433 2295 1644 2339 scinditur,
1670 2293 1819 2339 disper-

331 2346 442 2389 titur,
469 2345 542 2380 eto.
570 2341 619 2380 ed
645 2341 667 2379 e
693 2342 722 2379 il
748 2343 1030 2386 oontrapposto
1057 2340 1095 2377 di
1115 2341 1306 2387 partibus
1331 2344 1493 2380 amissis
1518 2343 1598 2380 714.
1625 2340 1819 2380 Un’altra

330 2391 498 2436 ragione
523 2402 594 2436 per
619 2389 804 2427 intender
829 2390 998 2426 sinceris
1022 2389 1207 2426 membris
1227 2388 1467 2433 dell'anima‚
1493 2389 1514 2428 ὲ
1535 2389 1629 2428 che:
1655 2391 1714 2427 ita
1729 2399 1819 2435 pro-

330 2438 435 2486 fuyit
459 2442 504 2476 ut
528 2438 665 2476 nullus
692 2438 827 2484 partis
857 2437 1067 2483 reliquerit
1099 2436 1276 2475 soddisfa
1308 2450 1424 2476 meno
1459 2438 1530 2475 che
1556 2439 1617 2475 ita
1649 2438 1820 2474 sinceris

330 2486 514 2524 membris
539 2487 627 2528 (con
653 2487 758 2522 tutte
784 2485 821 2522 le
847 2496 917 2522 sue
943 2484 1135 2528 membra)
1158 2484 1340 2532 profuqit
1363 2490 1407 2523 ut
1431 2485 1568 2523 nullas
1594 2488 1732 2532 partes
1756 2495 1818 2521 re-

332 2535 505 2581 liquerit.
532 2532 804 2570 L’ardimento
830 2531 1101 2577 leggermeute
1134 2533 1360 2571 umoristico
1396 2531 1742 2578 dell’espressione
1766 2531 1820 2569 ha

331 2593 448 2627 sapor
473 2581 713 2618 lucreziano.
734 2579 874 2617 Anche
901 2580 1094 2616 cadavera
1115 2582 1302 2626 expirant
1317 2593 1464 2619 vermes
1487 2581 1662 2624 (Munroz
1689 2578 1819 2617 exude

330 2629 487 2672 worms)
511 2627 533 2666 ὸ
560 2629 638 2666 ben
664 2627 813 2673 ardita3
845 2638 960 2664 meno
993 2626 1124 2664 ardito
1157 2628 1178 2664 ὲ
1212 2630 1403 2675 expirans
1434 2630 1649 2675 sanquim's
1673 2627 1825 2674 flumen>

330 2677 371 2714 II
397 2677 476 2714 354.
503 2676 610 2714 Nota
637 2675 763 2714 anche
790 2674 960 2712 tumidos
978 2674 1222 2720 perfluctuat
1247 2680 1372 2714 artus.
1473 2695 1511 2702 —
1536 2676 1615 2712 717.
1636 2685 1818 2721 rancens,

329 2724 469 2769 parola
501 2724 741 2769 lucreziana,
775 2722 847 2760 che
880 2722 935 2759 ha
967 2722 1094 2759 anche
1126 2722 1155 2759 il
1181 2735 1251 2761 suo
1283 2724 1484 2762 imitatore
1516 2722 1652 2762 Seren.
1676 2722 1818 2760 Samm-

330 2773 377 2809 54
396 2773 476 2810 978.
586 2792 629 2797 -
657 2771 738 2809 719.
761 2782 851 2809 exos
873 2774 907 2807 et
932 2771 1156 2815 exsanyuis,
1185 2770 1217 2808 si
1240 2770 1404 2810 direbbe
1426 2783 1507 2810 una
1528 2769 1818 2809 allitterazione
