<?xml version="1.0" encoding="UTF-8"?>
<!DOCTYPE html PUBLIC "-//W3C//DTD XHTML 1.0 Transitional//EN"
    "http://www.w3.org/TR/xhtml1/DTD/xhtml1-transitional.dtd">
<html xmlns="http://www.w3.org/1999/xhtml" xml:lang="en" lang="en">
 <head>
  <title>
</title>
<meta http-equiv="Content-Type" content="text/html;charset=utf-8" />
  <meta name='ocr-system' content='tesseract 3.04.00' />
  <meta name='ocr-capabilities' content='ocr_page ocr_carea ocr_par ocr_line ocrx_word'/>
</head>
<body>
  <div class='ocr_page' id='page_1' title='image "./dererumnaturalib03lucruoft_0474.png"; bbox 0 0 1872 3002; ppageno 0'>
   <div class='ocr_carea' id='block_1_1' title="bbox 343 161 1420 223">
    <p class='ocr_par' dir='ltr' id='par_1_1' title="bbox 343 161 1420 223">
     <span class='ocr_line' id='line_1_1' title="bbox 343 161 1420 223; baseline -0.003 -7"><span class='ocrx_word' id='word_1_1' title='bbox 343 170 427 223; x_wconf 74' lang='lat'>166</span> <span class='ocrx_word' id='word_1_2' title='bbox 763 164 849 215; x_wconf 83' lang='lat' dir='ltr'>DE</span> <span class='ocrx_word' id='word_1_3' title='bbox 880 162 1112 215; x_wconf 84' lang='lat' dir='ltr'>RERUM</span> <span class='ocrx_word' id='word_1_4' title='bbox 1142 161 1420 214; x_wconf 77' lang='lat' dir='ltr'><strong>NATURA</strong></span> 
     </span>
    </p>
   </div>
   <div class='ocr_carea' id='block_1_2' title="bbox 249 261 1763 1179">
    <p class='ocr_par' dir='ltr' id='par_1_2' title="bbox 372 261 1501 311">
     <span class='ocr_line' id='line_1_2' title="bbox 372 261 1501 311; baseline -0.003 0"><span class='ocrx_word' id='word_1_5' title='bbox 372 264 536 311; x_wconf 86' lang='lat' dir='ltr'>ducere</span> <span class='ocrx_word' id='word_1_6' title='bbox 568 263 854 311; x_wconf 77' lang='lat' dir='ltr'>multimodis</span> <span class='ocrx_word' id='word_1_7' title='bbox 885 279 1018 310; x_wconf 84' lang='lat' dir='ltr'>voces</span> <span class='ocrx_word' id='word_1_8' title='bbox 1049 267 1094 309; x_wconf 88' lang='lat' dir='ltr'>et</span> <span class='ocrx_word' id='word_1_9' title='bbox 1124 261 1307 309; x_wconf 85' lang='lat' dir='ltr'>flectere</span> <span class='ocrx_word' id='word_1_10' title='bbox 1339 266 1501 309; x_wconf 90' lang='lat' dir='ltr'>cantus</span> 
     </span>
    </p>

    <p class='ocr_par' dir='ltr' id='par_1_3' title="bbox 249 328 1648 650">
     <span class='ocr_line' id='line_1_3' title="bbox 249 328 1477 391; baseline -0.001 -14"><span class='ocrx_word' id='word_1_11' title='bbox 249 347 341 391; x_wconf 41' lang='lat'>,1405</span> <span class='ocrx_word' id='word_1_12' title='bbox 372 335 418 377; x_wconf 91' lang='lat' dir='ltr'>et</span> <span class='ocrx_word' id='word_1_13' title='bbox 449 346 613 389; x_wconf 86' lang='lat' dir='ltr'>supera</span> <span class='ocrx_word' id='word_1_14' title='bbox 644 328 845 376; x_wconf 81' lang='lat' dir='ltr'>calamos</span> <span class='ocrx_word' id='word_1_15' title='bbox 875 344 994 376; x_wconf 91' lang='lat' dir='ltr'>unco</span> <span class='ocrx_word' id='word_1_16' title='bbox 1026 343 1289 388; x_wconf 87' lang='lat' dir='ltr'>percurrere</span> <span class='ocrx_word' id='word_1_17' title='bbox 1322 328 1477 386; x_wconf 90' lang='lat' dir='ltr'>labro;</span> 
     </span>
     <span class='ocr_line' id='line_1_4' title="bbox 372 394 1610 453; baseline -0.002 -11"><span class='ocrx_word' id='word_1_18' title='bbox 372 396 491 442; x_wconf 89' lang='lat' dir='ltr'>unde</span> <span class='ocrx_word' id='word_1_19' title='bbox 524 395 661 441; x_wconf 87' lang='lat' dir='ltr'>etiam</span> <span class='ocrx_word' id='word_1_20' title='bbox 693 394 859 452; x_wconf 82' lang='lat' dir='ltr'>vigiles</span> <span class='ocrx_word' id='word_1_21' title='bbox 891 409 1014 441; x_wconf 87' lang='lat' dir='ltr'>nunc</span> <span class='ocrx_word' id='word_1_22' title='bbox 1046 394 1159 441; x_wconf 88' lang='lat' dir='ltr'>haec</span> <span class='ocrx_word' id='word_1_23' title='bbox 1190 397 1377 452; x_wconf 84' lang='lat' dir='ltr'>accepta</span> <span class='ocrx_word' id='word_1_24' title='bbox 1407 397 1610 453; x_wconf 80' lang='lat' dir='ltr'>tuentur,</span> 
     </span>
     <span class='ocr_line' id='line_1_5' title="bbox 373 459 1648 523; baseline -0.001 -16"><span class='ocrx_word' id='word_1_25' title='bbox 373 467 416 508; x_wconf 89' lang='lat' dir='ltr'>et</span> <span class='ocrx_word' id='word_1_26' title='bbox 448 476 906 523; x_wconf 85' lang='lat' dir='ltr'>numerumservare</span> <span class='ocrx_word' id='word_1_27' title='bbox 939 475 1087 518; x_wconf 83' lang='lat' dir='ltr'>genus</span> <span class='ocrx_word' id='word_1_28' title='bbox 1118 459 1341 507; x_wconf 88' lang='lat' dir='ltr'>didicere:</span> <span class='ocrx_word' id='word_1_29' title='bbox 1373 476 1520 519; x_wconf 85' lang='lat' dir='ltr'>neque</span> <span class='ocrx_word' id='word_1_30' title='bbox 1553 459 1648 507; x_wconf 81' lang='lat' dir='ltr'>hilo</span> 
     </span>
     <span class='ocr_line' id='line_1_6' title="bbox 373 525 1539 584; baseline -0.001 -11"><span class='ocrx_word' id='word_1_31' title='bbox 373 526 591 573; x_wconf 87' lang='lat' dir='ltr'>maiorem</span> <span class='ocrx_word' id='word_1_32' title='bbox 624 525 801 572; x_wconf 89' lang='lat' dir='ltr'>interea</span> <span class='ocrx_word' id='word_1_33' title='bbox 833 525 1022 584; x_wconf 82' lang='lat' dir='ltr'>capiunt</span> <span class='ocrx_word' id='word_1_34' title='bbox 1054 525 1302 572; x_wconf 83' lang='lat' dir='ltr'>dulcedini⁷</span> <span class='ocrx_word' id='word_1_35' title='bbox 1336 525 1539 573; x_wconf 84' lang='lat' dir='ltr'>fructum</span> 
     </span>
     <span class='ocr_line' id='line_1_7' title="bbox 373 590 1565 650; baseline 0.001 -13"><span class='ocrx_word' id='word_1_36' title='bbox 373 607 509 650; x_wconf 80' lang='lat' dir='ltr'>quam</span> <span class='ocrx_word' id='word_1_37' title='bbox 544 590 754 637; x_wconf 85' lang='lat' dir='ltr'>silvestre</span> <span class='ocrx_word' id='word_1_38' title='bbox 786 606 932 649; x_wconf 82' lang='lat' dir='ltr'>genus</span> <span class='ocrx_word' id='word_1_39' title='bbox 964 590 1176 649; x_wconf 85' lang='lat' dir='ltr'>capiebat</span> <span class='ocrx_word' id='word_1_40' title='bbox 1213 590 1565 650; x_wconf 82' lang='lat' dir='ltr'>terrigenarum.</span> 
     </span>
    </p>

    <p class='ocr_par' dir='ltr' id='par_1_4' title="bbox 254 655 1763 980">
     <span class='ocr_line' id='line_1_8' title="bbox 254 655 1763 715; baseline 0.001 -13"><span class='ocrx_word' id='word_1_41' title='bbox 254 673 343 708; x_wconf 84' lang='lat'>1410</span> <span class='ocrx_word' id='word_1_42' title='bbox 372 673 480 703; x_wconf 87' lang='lat' dir='ltr'>nam</span> <span class='ocrx_word' id='word_1_43' title='bbox 514 656 634 715; x_wconf 85' lang='lat' dir='ltr'>quod</span> <span class='ocrx_word' id='word_1_44' title='bbox 667 655 795 703; x_wconf 86' lang='lat' dir='ltr'>adest</span> <span class='ocrx_word' id='word_1_45' title='bbox 828 660 1024 714; x_wconf 85' lang='lat' dir='ltr'>praesto,</span> <span class='ocrx_word' id='word_1_46' title='bbox 1049 655 1146 703; x_wconf 82' lang='lat' dir='ltr'>nisi</span> <span class='ocrx_word' id='word_1_47' title='bbox 1178 656 1291 715; x_wconf 91' lang='lat' dir='ltr'>quid</span> <span class='ocrx_word' id='word_1_48' title='bbox 1323 657 1625 715; x_wconf 86' lang='lat' dir='ltr'>cognovimus</span> <span class='ocrx_word' id='word_1_49' title='bbox 1657 661 1763 704; x_wconf 87' lang='lat' dir='ltr'>ante</span> 
     </span>
     <span class='ocr_line' id='line_1_9' title="bbox 375 720 1538 780; baseline 0 -12"><span class='ocrx_word' id='word_1_50' title='bbox 375 721 580 778; x_wconf 85' lang='lat' dir='ltr'>suavius,</span> <span class='ocrx_word' id='word_1_51' title='bbox 614 721 663 767; x_wconf 86' lang='lat' dir='ltr'>in</span> <span class='ocrx_word' id='word_1_52' title='bbox 694 720 854 780; x_wconf 88' lang='lat' dir='ltr'>primis</span> <span class='ocrx_word' id='word_1_53' title='bbox 886 721 1035 780; x_wconf 88' lang='lat' dir='ltr'>placet</span> <span class='ocrx_word' id='word_1_54' title='bbox 1066 725 1110 768; x_wconf 85' lang='lat' dir='ltr'>et</span> <span class='ocrx_word' id='word_1_55' title='bbox 1142 721 1310 779; x_wconf 89' lang='lat' dir='ltr'>pollere</span> <span class='ocrx_word' id='word_1_56' title='bbox 1342 722 1538 776; x_wconf 85' lang='lat' dir='ltr'>videtur,</span> 
     </span>
     <span class='ocr_line' id='line_1_10' title="bbox 374 786 1441 846; baseline 0.001 -13"><span class='ocrx_word' id='word_1_57' title='bbox 374 786 686 846; x_wconf 81' lang='lat' dir='ltr'>posteriorque</span> <span class='ocrx_word' id='word_1_58' title='bbox 717 786 812 833; x_wconf 87' lang='lat' dir='ltr'>fere</span> <span class='ocrx_word' id='word_1_59' title='bbox 845 787 1006 834; x_wconf 88' lang='lat' dir='ltr'>melior</span> <span class='ocrx_word' id='word_1_60' title='bbox 1037 803 1110 834; x_wconf 87' lang='lat' dir='ltr'>res</span> <span class='ocrx_word' id='word_1_61' title='bbox 1144 786 1226 834; x_wconf 84' lang='lat' dir='ltr'>illa</span> <span class='ocrx_word' id='word_1_62' title='bbox 1257 792 1441 846; x_wconf 88' lang='lat' dir='ltr'>reperta</span> 
     </span>
     <span class='ocr_line' id='line_1_11' title="bbox 374 856 1612 918; baseline 0.002 -15"><span class='ocrx_word' id='word_1_63' title='bbox 374 856 524 916; x_wconf 78' lang='lat' dir='ltr'>perdit</span> <span class='ocrx_word' id='word_1_64' title='bbox 556 860 600 903; x_wconf 90' lang='lat' dir='ltr'>et</span> <span class='ocrx_word' id='word_1_65' title='bbox 630 856 848 903; x_wconf 88' lang='lat' dir='ltr'>immutat</span> <span class='ocrx_word' id='word_1_66' title='bbox 880 871 1041 904; x_wconf 85' lang='lat' dir='ltr'>sensus</span> <span class='ocrx_word' id='word_1_67' title='bbox 1073 856 1132 903; x_wconf 85' lang='lat' dir='ltr'>ad</span> <span class='ocrx_word' id='word_1_68' title='bbox 1165 857 1362 916; x_wconf 86' lang='lat' dir='ltr'>pristina</span> <span class='ocrx_word' id='word_1_69' title='bbox 1393 873 1612 918; x_wconf 86' lang='lat' dir='ltr'>quaeque.·</span> 
     </span>
     <span class='ocr_line' id='line_1_12' title="bbox 374 921 1450 980; baseline 0.001 -11"><span class='ocrx_word' id='word_1_70' title='bbox 374 922 440 969; x_wconf 87' lang='lat' dir='ltr'>sic</span> <span class='ocrx_word' id='word_1_71' title='bbox 472 921 626 968; x_wconf 87' lang='lat' dir='ltr'>odium</span> <span class='ocrx_word' id='word_1_72' title='bbox 660 921 808 980; x_wconf 86' lang='lat' dir='ltr'>coepit</span> <span class='ocrx_word' id='word_1_73' title='bbox 840 921 1041 980; x_wconf 85' lang='lat' dir='ltr'>glandis,</span> <span class='ocrx_word' id='word_1_74' title='bbox 1074 922 1139 969; x_wconf 90' lang='lat' dir='ltr'>sic</span> <span class='ocrx_word' id='word_1_75' title='bbox 1171 921 1253 968; x_wconf 90' lang='lat' dir='ltr'>illa</span> <span class='ocrx_word' id='word_1_76' title='bbox 1284 922 1450 970; x_wconf 88' lang='lat' dir='ltr'>relicta</span> 
     </span>
    </p>

    <p class='ocr_par' dir='ltr' id='par_1_5' title="bbox 253 986 1578 1179">
     <span class='ocr_line' id='line_1_13' title="bbox 253 986 1578 1039; baseline -0.003 0"><span class='ocrx_word' id='word_1_77' title='bbox 253 1002 343 1039; x_wconf 81' lang='lat'>1415</span> <span class='ocrx_word' id='word_1_78' title='bbox 374 991 520 1034; x_wconf 84' lang='lat' dir='ltr'>strata</span> <span class='ocrx_word' id='word_1_79' title='bbox 552 986 722 1033; x_wconf 81' lang='lat' dir='ltr'>cubilia</span> <span class='ocrx_word' id='word_1_80' title='bbox 753 992 860 1034; x_wconf 87' lang='lat' dir='ltr'>sunt</span> <span class='ocrx_word' id='word_1_81' title='bbox 892 987 1047 1034; x_wconf 81' lang='lat' dir='ltr'>herbis</span> <span class='ocrx_word' id='word_1_82' title='bbox 1080 991 1124 1033; x_wconf 88' lang='lat' dir='ltr'>et</span> <span class='ocrx_word' id='word_1_83' title='bbox 1157 987 1397 1035; x_wconf 88' lang='lat' dir='ltr'>frondibus</span> <span class='ocrx_word' id='word_1_84' title='bbox 1429 993 1578 1035; x_wconf 82' lang='lat' dir='ltr'>aucta.</span> 
     </span>
     <span class='ocr_line' id='line_1_14' title="bbox 375 1053 1534 1114; baseline 0.002 -15"><span class='ocrx_word' id='word_1_85' title='bbox 375 1053 505 1113; x_wconf 88' lang='lat' dir='ltr'>pellis</span> <span class='ocrx_word' id='word_1_86' title='bbox 536 1053 646 1099; x_wconf 89' lang='lat' dir='ltr'>item</span> <span class='ocrx_word' id='word_1_87' title='bbox 679 1053 842 1100; x_wconf 86' lang='lat' dir='ltr'>cecidit</span> <span class='ocrx_word' id='word_1_88' title='bbox 873 1053 1014 1101; x_wconf 88' lang='lat' dir='ltr'>vestis</span> <span class='ocrx_word' id='word_1_89' title='bbox 1047 1058 1310 1113; x_wconf 89' lang='lat' dir='ltr'>contempta</span> <span class='ocrx_word' id='word_1_90' title='bbox 1344 1054 1534 1114; x_wconf 87' lang='lat' dir='ltr'>ferinae;</span> 
     </span>
     <span class='ocr_line' id='line_1_15' title="bbox 376 1118 1522 1179; baseline 0.002 -14"><span class='ocrx_word' id='word_1_91' title='bbox 376 1135 515 1178; x_wconf 86' lang='lat' dir='ltr'>quam</span> <span class='ocrx_word' id='word_1_92' title='bbox 547 1134 649 1166; x_wconf 88' lang='lat' dir='ltr'>reor</span> <span class='ocrx_word' id='word_1_93' title='bbox 681 1118 856 1166; x_wconf 85' lang='lat' dir='ltr'>invidia</span> <span class='ocrx_word' id='word_1_94' title='bbox 889 1119 973 1166; x_wconf 88' lang='lat' dir='ltr'>tali</span> <span class='ocrx_word' id='word_1_95' title='bbox 1005 1123 1115 1166; x_wconf 89' lang='lat' dir='ltr'>tunc</span> <span class='ocrx_word' id='word_1_96' title='bbox 1148 1135 1243 1166; x_wconf 88' lang='lat' dir='ltr'>esse</span> <span class='ocrx_word' id='word_1_97' title='bbox 1275 1124 1522 1179; x_wconf 78' lang='lat' dir='ltr'>repertam,</span> 
     </span>
    </p>
   </div>
   <div class='ocr_carea' id='block_1_3' title="bbox 351 1256 631 1262">
    <p class='ocr_par' dir='ltr' id='par_1_6' title="bbox 351 1256 631 1262">
     <span class='ocr_line' id='line_1_16' title="bbox 351 1256 631 1262; baseline 0 0"><span class='ocrx_word' id='word_1_98' title='bbox 351 1256 631 1262; x_wconf 95' lang='lat' dir='ltr'> </span> 
     </span>
    </p>
   </div>
   <div class='ocr_carea' id='block_1_4' title="bbox 347 1343 1872 2822">
    <p class='ocr_par' dir='ltr' id='par_1_7' title="bbox 347 1343 1872 1489">
     <span class='ocr_line' id='line_1_17' title="bbox 350 1343 1838 1392; baseline 0.001 -9"><span class='ocrx_word' id='word_1_99' title='bbox 350 1345 453 1383; x_wconf 77' lang='lat' dir='ltr'>tibus</span> <span class='ocrx_word' id='word_1_100' title='bbox 460 1358 474 1391; x_wconf 89' lang='lat'><em>;</em></span> <span class='ocrx_word' id='word_1_101' title='bbox 499 1344 558 1382; x_wconf 84' lang='lat' dir='ltr'>sia</span> <span class='ocrx_word' id='word_1_102' title='bbox 585 1343 657 1382; x_wconf 88' lang='lat' dir='ltr'>che</span> <span class='ocrx_word' id='word_1_103' title='bbox 683 1356 762 1381; x_wconf 93' lang='lat' dir='ltr'>non</span> <span class='ocrx_word' id='word_1_104' title='bbox 780 1345 995 1391; x_wconf 83' lang='lat' dir='ltr'>potessero,</span> <span class='ocrx_word' id='word_1_105' title='bbox 1020 1344 1078 1382; x_wconf 86' lang='lat' dir='ltr'>sia</span> <span class='ocrx_word' id='word_1_106' title='bbox 1097 1345 1169 1383; x_wconf 88' lang='lat' dir='ltr'>che</span> <span class='ocrx_word' id='word_1_107' title='bbox 1187 1357 1266 1383; x_wconf 91' lang='lat' dir='ltr'>non</span> <span class='ocrx_word' id='word_1_108' title='bbox 1285 1345 1495 1385; x_wconf 82' lang='lat' dir='ltr'>dovessero</span> <span class='ocrx_word' id='word_1_109' title='bbox 1513 1345 1684 1392; x_wconf 82' lang='lat' dir='ltr'>prender</span> <span class='ocrx_word' id='word_1_110' title='bbox 1701 1358 1838 1386; x_wconf 84' lang='lat' dir='ltr'>sonno.</span> 
     </span>
     <span class='ocr_line' id='line_1_18' title="bbox 347 1391 1872 1442; baseline 0.001 -12"><span class='ocrx_word' id='word_1_111' title='bbox 347 1394 423 1431; x_wconf 86' lang='lat' dir='ltr'>Del</span> <span class='ocrx_word' id='word_1_112' title='bbox 442 1395 547 1430; x_wconf 89' lang='lat' dir='ltr'>resto</span> <span class='ocrx_word' id='word_1_113' title='bbox 566 1404 590 1429; x_wconf 89' lang='lat' dir='ltr'>a</span> <span class='ocrx_word' id='word_1_114' title='bbox 607 1392 797 1430; x_wconf 86' lang='lat' dir='ltr'>Lucrezio</span> <span class='ocrx_word' id='word_1_115' title='bbox 817 1391 837 1429; x_wconf 79' lang='lat' dir='ltr'>e</span> <span class='ocrx_word' id='word_1_116' title='bbox 856 1395 1004 1431; x_wconf 86' lang='lat' dir='ltr'>venuto</span> <span class='ocrx_word' id='word_1_117' title='bbox 1021 1393 1061 1430; x_wconf 92' lang='lat' dir='ltr'>in</span> <span class='ocrx_word' id='word_1_118' title='bbox 1078 1395 1208 1430; x_wconf 88' lang='lat' dir='ltr'>mente</span> <span class='ocrx_word' id='word_1_119' title='bbox 1227 1396 1366 1438; x_wconf 74' lang='lat' dir='ltr'>questo</span> <span class='ocrx_word' id='word_1_120' title='bbox 1383 1397 1595 1442; x_wconf 87' lang='lat' dir='ltr'>momento,</span> <span class='ocrx_word' id='word_1_121' title='bbox 1607 1393 1754 1440; x_wconf 71' lang='lat' dir='ltr'>perche</span> <span class='ocrx_word' id='word_1_122' title='bbox 1771 1394 1838 1440; x_wconf 68' lang='lat' dir='ltr'>gia</span> <span class='ocrx_word' id='word_1_123' title='bbox 1858 1402 1872 1419; x_wconf 65' lang='lat'>‘⁴</span> 
     </span>
     <span class='ocr_line' id='line_1_19' title="bbox 348 1440 1839 1489; baseline 0.001 -11"><span class='ocrx_word' id='word_1_124' title='bbox 348 1452 525 1486; x_wconf 85' lang='lat' dir='ltr'>pensava</span> <span class='ocrx_word' id='word_1_125' title='bbox 551 1440 589 1477; x_wconf 87' lang='lat' dir='ltr'>ai</span> <span class='ocrx_word' id='word_1_126' title='bbox 615 1440 774 1487; x_wconf 63' lang='lat' dir='ltr'>modes,-</span> <span class='ocrx_word' id='word_1_127' title='bbox 798 1451 907 1478; x_wconf 89' lang='lat' dir='ltr'>come</span> <span class='ocrx_word' id='word_1_128' title='bbox 925 1440 959 1478; x_wconf 88' lang='lat' dir='ltr'>ci</span> <span class='ocrx_word' id='word_1_129' title='bbox 979 1441 1181 1479; x_wconf 85' lang='lat' dir='ltr'>conferma</span> <span class='ocrx_word' id='word_1_130' title='bbox 1197 1441 1226 1478; x_wconf 95' lang='lat' dir='ltr'>il</span> <span class='ocrx_word' id='word_1_131' title='bbox 1244 1442 1394 1480; x_wconf 80' lang='lat' dir='ltr'>solacia</span> <span class='ocrx_word' id='word_1_132' title='bbox 1411 1454 1557 1481; x_wconf 82' lang='lat' dir='ltr'>somno.</span> <span class='ocrx_word' id='word_1_133' title='bbox 1625 1462 1660 1468; x_wconf 89' lang='lat'>—</span> <span class='ocrx_word' id='word_1_134' title='bbox 1685 1454 1839 1489; x_wconf 82' lang='lat' dir='ltr'>somno‚·</span> 
     </span>
    </p>

    <p class='ocr_par' dir='ltr' id='par_1_8' title="bbox 349 1489 1838 1536">
     <span class='ocr_line' id='line_1_20' title="bbox 349 1489 1838 1536; baseline 0.001 -10"><span class='ocrx_word' id='word_1_135' title='bbox 349 1489 417 1533; x_wconf 84' lang='lat' dir='ltr'>qui</span> <span class='ocrx_word' id='word_1_136' title='bbox 442 1499 603 1526; x_wconf 75' lang='lat' dir='ltr'>somnus</span> <span class='ocrx_word' id='word_1_137' title='bbox 617 1502 657 1516; x_wconf 82' lang='grc'>--·</span> <span class='ocrx_word' id='word_1_138' title='bbox 674 1500 835 1525; x_wconf 79' lang='lat' dir='ltr'>somnus</span> <span class='ocrx_word' id='word_1_139' title='bbox 872 1492 1047 1533; x_wconf 70' lang='lat' dir='ltr'>neqatus.</span> <span class='ocrx_word' id='word_1_140' title='bbox 1083 1489 1220 1527; x_wconf 83' lang='lat' dir='ltr'>Lamb.</span> <span class='ocrx_word' id='word_1_141' title='bbox 1247 1489 1406 1528; x_wconf 88' lang='lat' dir='ltr'>Lachm.</span> <span class='ocrx_word' id='word_1_142' title='bbox 1433 1490 1549 1528; x_wconf 89' lang='lat' dir='ltr'>Bern.</span> <span class='ocrx_word' id='word_1_143' title='bbox 1575 1489 1720 1528; x_wconf 85' lang='lat' dir='ltr'>Munro</span> <span class='ocrx_word' id='word_1_144' title='bbox 1745 1490 1838 1536; x_wconf 81' lang='lat' dir='ltr'>Brg.</span> 
     </span>
    </p>

    <p class='ocr_par' dir='ltr' id='par_1_9' title="bbox 349 1536 1872 2773">
     <span class='ocr_line' id='line_1_21' title="bbox 349 1536 1872 1583; baseline 0.002 -10"><span class='ocrx_word' id='word_1_145' title='bbox 349 1538 479 1574; x_wconf 79' lang='lat' dir='ltr'>somni</span> <span class='ocrx_word' id='word_1_146' title='bbox 501 1547 573 1580; x_wconf 88' lang='lat' dir='ltr'>per</span> <span class='ocrx_word' id='word_1_147' title='bbox 599 1547 687 1573; x_wconf 85' lang='lat' dir='ltr'>mss.</span> <span class='ocrx_word' id='word_1_148' title='bbox 714 1547 846 1574; x_wconf 85' lang='lat' dir='ltr'>somno</span> <span class='ocrx_word' id='word_1_149' title='bbox 853 1549 869 1583; x_wconf 86' lang='lat'><em>;</em></span> <span class='ocrx_word' id='word_1_150' title='bbox 894 1536 921 1572; x_wconf 91' lang='lat' dir='ltr'>il</span> <span class='ocrx_word' id='word_1_151' title='bbox 947 1536 1090 1574; x_wconf 89' lang='lat' dir='ltr'>Munro</span> <span class='ocrx_word' id='word_1_152' title='bbox 1115 1536 1212 1582; x_wconf 79' lang='lat' dir='ltr'>pero</span> <span class='ocrx_word' id='word_1_153' title='bbox 1239 1538 1359 1582; x_wconf 76' lang='lat' dir='ltr'>esita3</span> <span class='ocrx_word' id='word_1_154' title='bbox 1386 1549 1407 1575; x_wconf 88' lang='lat' dir='ltr'>e</span> <span class='ocrx_word' id='word_1_155' title='bbox 1434 1550 1458 1575; x_wconf 91' lang='grc'><strong>3</strong></span> <span class='ocrx_word' id='word_1_156' title='bbox 1475 1541 1614 1576; x_wconf 87' lang='lat' dir='ltr'>tenere</span> <span class='ocrx_word' id='word_1_157' title='bbox 1629 1537 1669 1576; x_wconf 98' lang='grc'>13</span> <span class='ocrx_word' id='word_1_158' title='bbox 1685 1536 1839 1576; x_wconf 85' lang='lat' dir='ltr'>lezione</span> <span class='ocrx_word' id='word_1_159' title='bbox 1868 1544 1872 1554; x_wconf 67' lang='lat'>*</span> 
     </span>
     <span class='ocr_line' id='line_1_22' title="bbox 349 1582 1872 1624; baseline 0.001 -3"><span class='ocrx_word' id='word_1_160' title='bbox 349 1596 437 1621; x_wconf 86' lang='lat' dir='ltr'>mss.</span> <span class='ocrx_word' id='word_1_161' title='bbox 464 1583 513 1620; x_wconf 93' lang='lat' dir='ltr'>m&#39;</span> <span class='ocrx_word' id='word_1_162' title='bbox 527 1582 670 1620; x_wconf 89' lang='lat' dir='ltr'>induce</span> <span class='ocrx_word' id='word_1_163' title='bbox 695 1583 734 1619; x_wconf 84' lang='lat' dir='ltr'>la</span> <span class='ocrx_word' id='word_1_164' title='bbox 760 1595 831 1620; x_wconf 88' lang='lat' dir='ltr'>sua</span> <span class='ocrx_word' id='word_1_165' title='bbox 858 1583 1068 1622; x_wconf 80' lang='lat' dir='ltr'>citazione:</span> <span class='ocrx_word' id='word_1_166' title='bbox 1095 1585 1180 1622; x_wconf 86' lang='lat' dir='ltr'>Liv.</span> <span class='ocrx_word' id='word_1_167' title='bbox 1206 1584 1326 1622; x_wconf 89' lang='lat' dir='ltr'>XXV</span> <span class='ocrx_word' id='word_1_168' title='bbox 1355 1587 1398 1622; x_wconf 89' lang='lat'>16</span> <span class='ocrx_word' id='word_1_169' title='bbox 1422 1586 1470 1623; x_wconf 85' lang='lat'>20</span> <span class='ocrx_word' id='word_1_170' title='bbox 1503 1586 1619 1624; x_wconf 77' lang='lat' dir='ltr'>decus</span> <span class='ocrx_word' id='word_1_171' title='bbox 1651 1587 1838 1623; x_wconf 72' lang='lat' dir='ltr'>eximium</span> <span class='ocrx_word' id='word_1_172' title='bbox 1864 1604 1872 1615; x_wconf 18' lang='grc' dir='ltr'>Α·</span> 
     </span>
     <span class='ocr_line' id='line_1_23' title="bbox 349 1631 1872 1677; baseline 0.002 -8"><span class='ocrx_word' id='word_1_173' title='bbox 349 1633 549 1677; x_wconf 73' lang='lat' dir='ltr'>eqreqium</span> <span class='ocrx_word' id='word_1_174' title='bbox 573 1631 763 1668; x_wconf 77' lang='lat' dir='ltr'>solacium</span> <span class='ocrx_word' id='word_1_175' title='bbox 788 1643 883 1669; x_wconf 80' lang='lat' dir='ltr'>suae</span> <span class='ocrx_word' id='word_1_176' title='bbox 907 1633 1027 1670; x_wconf 78' lang='lat' dir='ltr'>morti</span> <span class='ocrx_word' id='word_1_177' title='bbox 1049 1634 1312 1670; x_wconf 81' lang='lat' dir='ltr'>inventurum.</span> <span class='ocrx_word' id='word_1_178' title='bbox 1343 1653 1379 1659; x_wconf 92' lang='lat'><strong>—</strong></span> <span class='ocrx_word' id='word_1_179' title='bbox 1408 1633 1569 1671; x_wconf 83' lang='lat' dir='ltr'>Lachm.</span> <span class='ocrx_word' id='word_1_180' title='bbox 1595 1633 1674 1671; x_wconf 84' lang='lat' dir='ltr'>cita</span> <span class='ocrx_word' id='word_1_181' title='bbox 1693 1633 1838 1671; x_wconf 84' lang='lat' dir='ltr'>Aesch.</span> <span class='ocrx_word' id='word_1_182' title='bbox 1862 1649 1872 1673; x_wconf 55' lang='grc' dir='ltr'><em>ῃ</em></span> 
     </span>
     <span class='ocr_line' id='line_1_24' title="bbox 351 1675 1872 1727; baseline 0.003 -13"><span class='ocrx_word' id='word_1_183' title='bbox 351 1678 466 1714; x_wconf 79' lang='grc' dir='ltr'>ὕπνου</span> <span class='ocrx_word' id='word_1_184' title='bbox 494 1676 719 1727; x_wconf 72' lang='grc' dir='ltr'><em>(ἷντίμολπον</em></span> <span class='ocrx_word' id='word_1_185' title='bbox 745 1675 841 1718; x_wconf 69' lang='grc' dir='ltr'><strong>ἄκος.</strong></span> <span class='ocrx_word' id='word_1_186' title='bbox 954 1678 1066 1717; x_wconf 80' lang='lat'>1405.</span> <span class='ocrx_word' id='word_1_187' title='bbox 1093 1680 1164 1718; x_wconf 86' lang='lat' dir='ltr'>cfr.</span> <span class='ocrx_word' id='word_1_188' title='bbox 1189 1680 1248 1717; x_wconf 84' lang='lat' dir='ltr'>IV</span> <span class='ocrx_word' id='word_1_189' title='bbox 1275 1681 1356 1718; x_wconf 84' lang='lat'>586.</span> <span class='ocrx_word' id='word_1_190' title='bbox 1466 1700 1510 1707; x_wconf 94' lang='lat'>—</span> <span class='ocrx_word' id='word_1_191' title='bbox 1537 1679 1649 1717; x_wconf 77' lang='grc'><strong>1406.</strong></span> <span class='ocrx_word' id='word_1_192' title='bbox 1670 1676 1840 1727; x_wconf 59' lang='grc' dir='ltr'>ὶνίρίίθε;</span> <span class='ocrx_word' id='word_1_193' title='bbox 1868 1688 1872 1717; x_wconf 89' lang='grc'>“.</span> 
     </span>
     <span class='ocr_line' id='line_1_25' title="bbox 351 1725 1870 1774; baseline 0.002 -10"><span class='ocrx_word' id='word_1_194' title='bbox 351 1739 429 1764; x_wconf 88' lang='lat' dir='ltr'>non</span> <span class='ocrx_word' id='word_1_195' title='bbox 456 1725 477 1764; x_wconf 78' lang='grc' dir='ltr'><strong>ὸ</strong></span> <span class='ocrx_word' id='word_1_196' title='bbox 503 1727 580 1763; x_wconf 89' lang='lat' dir='ltr'>ben</span> <span class='ocrx_word' id='word_1_197' title='bbox 606 1725 741 1764; x_wconf 86' lang='lat' dir='ltr'>chiaro</span> <span class='ocrx_word' id='word_1_198' title='bbox 768 1738 788 1763; x_wconf 92' lang='lat' dir='ltr'>e</span> <span class='ocrx_word' id='word_1_199' title='bbox 815 1727 945 1764; x_wconf 84' lang='lat' dir='ltr'>sieuro</span> <span class='ocrx_word' id='word_1_200' title='bbox 968 1727 1007 1764; x_wconf 92' lang='lat' dir='ltr'>di</span> <span class='ocrx_word' id='word_1_201' title='bbox 1028 1727 1137 1772; x_wconf 85' lang='lat' dir='ltr'>quali</span> <span class='ocrx_word' id='word_1_202' title='bbox 1164 1729 1304 1774; x_wconf 73' lang='lat' dir='ltr'>viyiles</span> <span class='ocrx_word' id='word_1_203' title='bbox 1327 1728 1431 1773; x_wconf 82' lang='lat' dir='ltr'>parli</span> <span class='ocrx_word' id='word_1_204' title='bbox 1447 1728 1650 1767; x_wconf 86' lang='lat' dir='ltr'>Lucrezio.</span> <span class='ocrx_word' id='word_1_205' title='bbox 1671 1728 1840 1774; x_wconf 76' lang='lat' dir='ltr'>L’orga-</span> <span class='ocrx_word' id='word_1_206' title='bbox 1867 1763 1870 1767; x_wconf 90' lang='lat'>.</span> 
     </span>
     <span class='ocr_line' id='line_1_26' title="bbox 350 1773 1841 1823; baseline 0.001 -11"><span class='ocrx_word' id='word_1_207' title='bbox 350 1774 578 1812; x_wconf 85' lang='lat' dir='ltr'>nizzazione</span> <span class='ocrx_word' id='word_1_208' title='bbox 604 1773 667 1810; x_wconf 89' lang='lat' dir='ltr'>dei</span> <span class='ocrx_word' id='word_1_209' title='bbox 691 1774 841 1820; x_wconf 63' lang='lat' dir='ltr'>vzfflles,</span> <span class='ocrx_word' id='word_1_210' title='bbox 867 1774 1034 1820; x_wconf 82' lang='lat' dir='ltr'>guardie</span> <span class='ocrx_word' id='word_1_211' title='bbox 1059 1777 1249 1813; x_wconf 86' lang='lat' dir='ltr'>notturne</span> <span class='ocrx_word' id='word_1_212' title='bbox 1283 1788 1305 1814; x_wconf 89' lang='lat' dir='ltr'>e</span> <span class='ocrx_word' id='word_1_213' title='bbox 1338 1775 1403 1814; x_wconf 84' lang='lat' dir='ltr'>del</span> <span class='ocrx_word' id='word_1_214' title='bbox 1433 1775 1563 1823; x_wconf 85' lang='lat' dir='ltr'>fuoco,</span> <span class='ocrx_word' id='word_1_215' title='bbox 1586 1777 1628 1814; x_wconf 92' lang='lat' dir='ltr'>in</span> <span class='ocrx_word' id='word_1_216' title='bbox 1653 1779 1756 1814; x_wconf 80' lang='lat' dir='ltr'>sette</span> <span class='ocrx_word' id='word_1_217' title='bbox 1780 1788 1841 1814; x_wconf 62' lang='lat' dir='ltr'>se·</span> 
     </span>
     <span class='ocr_line' id='line_1_27' title="bbox 353 1821 1843 1870; baseline 0.001 -10"><span class='ocrx_word' id='word_1_218' title='bbox 353 1823 456 1860; x_wconf 77' lang='lat' dir='ltr'>zioni</span> <span class='ocrx_word' id='word_1_219' title='bbox 483 1835 504 1859; x_wconf 93' lang='lat' dir='ltr'>e</span> <span class='ocrx_word' id='word_1_220' title='bbox 531 1821 699 1859; x_wconf 88' lang='lat' dir='ltr'>stazioni</span> <span class='ocrx_word' id='word_1_221' title='bbox 723 1822 764 1858; x_wconf 91' lang='lat' dir='ltr'>in</span> <span class='ocrx_word' id='word_1_222' title='bbox 789 1822 917 1860; x_wconf 81' lang='lat' dir='ltr'>Roma</span> <span class='ocrx_word' id='word_1_223' title='bbox 952 1822 974 1860; x_wconf 80' lang='lat' dir='ltr'>e</span> <span class='ocrx_word' id='word_1_224' title='bbox 1000 1823 1039 1860; x_wconf 87' lang='lat' dir='ltr'>di</span> <span class='ocrx_word' id='word_1_225' title='bbox 1066 1824 1270 1869; x_wconf 76' lang='lat' dir='ltr'>August03</span> <span class='ocrx_word' id='word_1_226' title='bbox 1306 1836 1371 1861; x_wconf 83' lang='lat' dir='ltr'>ma</span> <span class='ocrx_word' id='word_1_227' title='bbox 1404 1824 1531 1862; x_wconf 84' lang='lat' dir='ltr'>anche</span> <span class='ocrx_word' id='word_1_228' title='bbox 1561 1825 1690 1870; x_wconf 75' lang='lat' dir='ltr'>prima</span> <span class='ocrx_word' id='word_1_229' title='bbox 1713 1824 1843 1862; x_wconf 79' lang='lat' dir='ltr'>Roma‘</span> 
     </span>
     <span class='ocr_line' id='line_1_28' title="bbox 351 1866 1872 1918; baseline 0.001 -11"><span class='ocrx_word' id='word_1_230' title='bbox 351 1881 480 1908; x_wconf 85' lang='lat' dir='ltr'>aveva</span> <span class='ocrx_word' id='word_1_231' title='bbox 506 1868 569 1906; x_wconf 90' lang='lat' dir='ltr'>dei</span> <span class='ocrx_word' id='word_1_232' title='bbox 595 1871 700 1906; x_wconf 80' lang='lat' dir='ltr'>servi</span> <span class='ocrx_word' id='word_1_233' title='bbox 719 1868 876 1915; x_wconf 77' lang='lat' dir='ltr'>publici</span> <span class='ocrx_word' id='word_1_234' title='bbox 911 1870 983 1908; x_wconf 87' lang='lat' dir='ltr'>che</span> <span class='ocrx_word' id='word_1_235' title='bbox 1009 1870 1238 1915; x_wconf 85' lang='lat' dir='ltr'>fungevano</span> <span class='ocrx_word' id='word_1_236' title='bbox 1271 1870 1322 1908; x_wconf 88' lang='lat' dir='ltr'>da</span> <span class='ocrx_word' id='word_1_237' title='bbox 1355 1871 1521 1917; x_wconf 81' lang='lat' dir='ltr'>guardie</span> <span class='ocrx_word' id='word_1_238' title='bbox 1556 1876 1756 1916; x_wconf 73' lang='lat' dir='ltr'>notun-ne,</span> <span class='ocrx_word' id='word_1_239' title='bbox 1790 1866 1872 1918; x_wconf 36' lang='lat' dir='ltr'>ed}</span> 
     </span>
     <span class='ocr_line' id='line_1_29' title="bbox 352 1916 1872 1969; baseline 0.001 -14"><span class='ocrx_word' id='word_1_240' title='bbox 352 1929 473 1955; x_wconf 85' lang='lat' dir='ltr'>erano</span> <span class='ocrx_word' id='word_1_241' title='bbox 500 1920 603 1954; x_wconf 90' lang='lat' dir='ltr'>sotto</span> <span class='ocrx_word' id='word_1_242' title='bbox 629 1916 685 1962; x_wconf 82' lang='lat' dir='ltr'>gli</span> <span class='ocrx_word' id='word_1_243' title='bbox 710 1917 839 1955; x_wconf 88' lang='lat' dir='ltr'>ordini</span> <span class='ocrx_word' id='word_1_244' title='bbox 866 1917 927 1955; x_wconf 90' lang='lat' dir='ltr'>dei</span> <span class='ocrx_word' id='word_1_245' title='bbox 956 1917 1114 1956; x_wconf 78' lang='lat' dir='ltr'>IIIvz&#39;ri</span> <span class='ocrx_word' id='word_1_246' title='bbox 1137 1921 1336 1957; x_wconf 78' lang='lat' dir='ltr'>nocturni.</span> <span class='ocrx_word' id='word_1_247' title='bbox 1361 1919 1422 1957; x_wconf 81' lang='lat' dir='ltr'>Ed</span> <span class='ocrx_word' id='word_1_248' title='bbox 1447 1919 1574 1962; x_wconf 79' lang='lat' dir='ltr'>anche</span> <span class='ocrx_word' id='word_1_249' title='bbox 1601 1919 1664 1958; x_wconf 86' lang='lat' dir='ltr'>dei</span> <span class='ocrx_word' id='word_1_250' title='bbox 1691 1919 1840 1965; x_wconf 77' lang='lat' dir='ltr'>privati</span> <span class='ocrx_word' id='word_1_251' title='bbox 1863 1923 1872 1969; x_wconf 44' lang='grc' dir='ltr'>ξ</span> 
     </span>
     <span class='ocr_line' id='line_1_30' title="bbox 352 1963 1872 2017; baseline 0.001 -14"><span class='ocrx_word' id='word_1_252' title='bbox 352 1969 551 2003; x_wconf 82' lang='lat' dir='ltr'>tenevano</span> <span class='ocrx_word' id='word_1_253' title='bbox 572 1963 636 2002; x_wconf 88' lang='lat' dir='ltr'>dei</span> <span class='ocrx_word' id='word_1_254' title='bbox 657 1966 794 2010; x_wconf 73' lang='lat' dir='ltr'>vioiles</span> <span class='ocrx_word' id='word_1_255' title='bbox 814 1967 1003 2003; x_wconf 74' lang='lat' dir='ltr'>nocturni</span> <span class='ocrx_word' id='word_1_256' title='bbox 1017 1978 1088 2011; x_wconf 86' lang='lat' dir='ltr'>per</span> <span class='ocrx_word' id='word_1_257' title='bbox 1106 1966 1264 2012; x_wconf 89' lang='lat' dir='ltr'>proprio</span> <span class='ocrx_word' id='word_1_258' title='bbox 1283 1969 1412 2006; x_wconf 86' lang='lat' dir='ltr'>eonto-</span> <span class='ocrx_word' id='word_1_259' title='bbox 1431 1967 1535 2005; x_wconf 88' lang='lat' dir='ltr'>Vedi</span> <span class='ocrx_word' id='word_1_260' title='bbox 1548 1967 1680 2006; x_wconf 81' lang='lat' dir='ltr'>Plaut.</span> <span class='ocrx_word' id='word_1_261' title='bbox 1697 1968 1872 2017; x_wconf 56' lang='lat' dir='ltr'>Amph-³3·</span> 
     </span>
     <span class='ocr_line' id='line_1_31' title="bbox 352 2013 1872 2062; baseline -0.001 -12"><span class='ocrx_word' id='word_1_262' title='bbox 352 2014 371 2050; x_wconf 94' lang='lat' dir='ltr'>I</span> <span class='ocrx_word' id='word_1_263' title='bbox 401 2015 418 2050; x_wconf 91' lang='lat'>1</span> <span class='ocrx_word' id='word_1_264' title='bbox 448 2014 526 2050; x_wconf 84' lang='lat'>195.</span> <span class='ocrx_word' id='word_1_265' title='bbox 629 2033 663 2037; x_wconf 90' lang='lat'><strong>—</strong></span> <span class='ocrx_word' id='word_1_266' title='bbox 703 2017 879 2059; x_wconf 70' lang='lat' dir='ltr'>accepta;</span> <span class='ocrx_word' id='word_1_267' title='bbox 912 2013 1008 2052; x_wconf 90' lang='lat' dir='ltr'>Hor.</span> <span class='ocrx_word' id='word_1_268' title='bbox 1049 2014 1178 2060; x_wconf 73' lang='lat' dir='ltr'>Epist.</span> <span class='ocrx_word' id='word_1_269' title='bbox 1209 2014 1252 2052; x_wconf 88' lang='lat' dir='ltr'>II</span> <span class='ocrx_word' id='word_1_270' title='bbox 1290 2016 1308 2051; x_wconf 94' lang='grc'><strong>1</strong></span> <span class='ocrx_word' id='word_1_271' title='bbox 1344 2016 1411 2052; x_wconf 79' lang='grc'>147</span> <span class='ocrx_word' id='word_1_272' title='bbox 1447 2014 1685 2062; x_wconf 73' lang='lat' dir='ltr'>libertasque</span> <span class='ocrx_word' id='word_1_273' title='bbox 1708 2023 1872 2054; x_wconf 67' lang='lat' dir='ltr'>mour-³.</span> 
     </span>
     <span class='ocr_line' id='line_1_32' title="bbox 351 2060 1872 2112; baseline 0.001 -14"><span class='ocrx_word' id='word_1_274' title='bbox 351 2063 478 2098; x_wconf 72' lang='lat' dir='ltr'>rantis</span> <span class='ocrx_word' id='word_1_275' title='bbox 513 2063 667 2105; x_wconf 75' lang='lat' dir='ltr'>accepta</span> <span class='ocrx_word' id='word_1_276' title='bbox 690 2073 761 2106; x_wconf 80' lang='lat' dir='ltr'>per</span> <span class='ocrx_word' id='word_1_277' title='bbox 794 2073 932 2099; x_wconf 81' lang='lat' dir='ltr'>annos.</span> <span class='ocrx_word' id='word_1_278' title='bbox 1054 2081 1096 2086; x_wconf 94' lang='lat'>—</span> <span class='ocrx_word' id='word_1_279' title='bbox 1131 2060 1235 2099; x_wconf 82' lang='lat'>1407.</span> <span class='ocrx_word' id='word_1_280' title='bbox 1266 2074 1391 2108; x_wconf 72' lang='lat' dir='ltr'>qenus</span> <span class='ocrx_word' id='word_1_281' title='bbox 1422 2075 1511 2100; x_wconf 80' lang='lat' dir='ltr'>mss.</span> <span class='ocrx_word' id='word_1_282' title='bbox 1545 2061 1566 2100; x_wconf 77' lang='grc' dir='ltr'>ὲ</span> <span class='ocrx_word' id='word_1_283' title='bbox 1601 2065 1754 2100; x_wconf 81' lang='lat' dir='ltr'>mutato</span> <span class='ocrx_word' id='word_1_284' title='bbox 1789 2062 1840 2110; x_wconf 77' lang='grc'>(13</span> <span class='ocrx_word' id='word_1_285' title='bbox 1864 2099 1872 2112; x_wconf 26' lang='grc' dir='ltr'><em>ἑ</em></span> 
     </span>
     <span class='ocr_line' id='line_1_33' title="bbox 352 2107 1872 2160; baseline 0.003 -15"><span class='ocrx_word' id='word_1_286' title='bbox 352 2108 513 2145; x_wconf 86' lang='lat' dir='ltr'>Lachm.</span> <span class='ocrx_word' id='word_1_287' title='bbox 540 2120 560 2145; x_wconf 91' lang='lat' dir='ltr'>e</span> <span class='ocrx_word' id='word_1_288' title='bbox 588 2107 704 2146; x_wconf 90' lang='lat' dir='ltr'>Bern.</span> <span class='ocrx_word' id='word_1_289' title='bbox 732 2108 773 2145; x_wconf 93' lang='lat' dir='ltr'>in</span> <span class='ocrx_word' id='word_1_290' title='bbox 798 2110 918 2151; x_wconf 78' lang='lat' dir='ltr'>sonis,</span> <span class='ocrx_word' id='word_1_291' title='bbox 944 2108 994 2146; x_wconf 84' lang='lat' dir='ltr'>da</span> <span class='ocrx_word' id='word_1_292' title='bbox 1019 2109 1162 2147; x_wconf 91' lang='lat' dir='ltr'>Munro</span> <span class='ocrx_word' id='word_1_293' title='bbox 1196 2110 1238 2147; x_wconf 90' lang='lat' dir='ltr'>in</span> <span class='ocrx_word' id='word_1_294' title='bbox 1261 2122 1406 2148; x_wconf 78' lang='lat' dir='ltr'>recens.</span> <span class='ocrx_word' id='word_1_295' title='bbox 1433 2109 1566 2148; x_wconf 83' lang='lat' dir='ltr'>Christ</span> <span class='ocrx_word' id='word_1_296' title='bbox 1596 2109 1756 2148; x_wconf 85' lang='lat' dir='ltr'>difende</span> <span class='ocrx_word' id='word_1_297' title='bbox 1780 2122 1872 2160; x_wconf 55' lang='lat' dir='ltr'>ye-4</span> 
     </span>
     <span class='ocr_line' id='line_1_34' title="bbox 353 2154 1872 2202; baseline 0 -9"><span class='ocrx_word' id='word_1_298' title='bbox 353 2168 452 2201; x_wconf 82' lang='lat' dir='ltr'>uus;</span> <span class='ocrx_word' id='word_1_299' title='bbox 488 2154 538 2192; x_wconf 89' lang='lat' dir='ltr'>ed</span> <span class='ocrx_word' id='word_1_300' title='bbox 570 2154 608 2193; x_wconf 93' lang='lat' dir='ltr'>io</span> <span class='ocrx_word' id='word_1_301' title='bbox 635 2167 733 2200; x_wconf 87' lang='lat' dir='ltr'>pure</span> <span class='ocrx_word' id='word_1_302' title='bbox 771 2156 830 2194; x_wconf 88' lang='lat' dir='ltr'>col</span> <span class='ocrx_word' id='word_1_303' title='bbox 855 2156 947 2201; x_wconf 86' lang='lat' dir='ltr'>Brg.</span> <span class='ocrx_word' id='word_1_304' title='bbox 974 2157 1011 2194; x_wconf 84' lang='lat'>10</span> <span class='ocrx_word' id='word_1_305' title='bbox 1037 2159 1168 2202; x_wconf 88' lang='lat' dir='ltr'>tengo.</span> <span class='ocrx_word' id='word_1_306' title='bbox 1193 2157 1272 2195; x_wconf 89' lang='lat' dir='ltr'>Per</span> <span class='ocrx_word' id='word_1_307' title='bbox 1297 2158 1502 2196; x_wconf 68' lang='lat' dir='ltr'>numeram</span> <span class='ocrx_word' id='word_1_308' title='bbox 1523 2170 1567 2190; x_wconf 85' lang='lat'><strong><em>=</em></strong></span> <span class='ocrx_word' id='word_1_309' title='bbox 1587 2169 1840 2196; x_wconf 85' lang='lat' dir='ltr'>numerorum</span> <span class='ocrx_word' id='word_1_310' title='bbox 1861 2163 1872 2193; x_wconf 73' lang='grc' dir='ltr'>ἶ</span> 
     </span>
     <span class='ocr_line' id='line_1_35' title="bbox 353 2204 1872 2252; baseline 0.003 -12"><span class='ocrx_word' id='word_1_311' title='bbox 353 2216 389 2240; x_wconf 88' lang='lat' dir='ltr'>v.</span> <span class='ocrx_word' id='word_1_312' title='bbox 420 2204 582 2240; x_wconf 82' lang='lat' dir='ltr'>Petron.</span> <span class='ocrx_word' id='word_1_313' title='bbox 610 2204 655 2239; x_wconf 83' lang='lat'>63</span> <span class='ocrx_word' id='word_1_314' title='bbox 681 2204 725 2249; x_wconf 79' lang='lat'>33</span> <span class='ocrx_word' id='word_1_315' title='bbox 752 2216 773 2240; x_wconf 88' lang='lat' dir='ltr'>e</span> <span class='ocrx_word' id='word_1_316' title='bbox 796 2215 930 2249; x_wconf 59' lang='lat' dir='ltr'>oenus,</span> <span class='ocrx_word' id='word_1_317' title='bbox 962 2204 1079 2250; x_wconf 76' lang='grc' dir='ltr'><em>γένος,</em></span> <span class='ocrx_word' id='word_1_318' title='bbox 1111 2217 1183 2242; x_wconf 83' lang='lat' dir='ltr'>¹era</span> <span class='ocrx_word' id='word_1_319' title='bbox 1212 2208 1390 2250; x_wconf 84' lang='lat' dir='ltr'>appunto</span> <span class='ocrx_word' id='word_1_320' title='bbox 1422 2205 1462 2243; x_wconf 83' lang='lat' dir='ltr'>la</span> <span class='ocrx_word' id='word_1_321' title='bbox 1491 2205 1632 2251; x_wconf 79' lang='lat' dir='ltr'>pamla</span> <span class='ocrx_word' id='word_1_322' title='bbox 1658 2217 1730 2252; x_wconf 86' lang='lat' dir='ltr'>per</span> <span class='ocrx_word' id='word_1_323' title='bbox 1756 2205 1840 2243; x_wconf 84' lang='lat' dir='ltr'>dire</span> <span class='ocrx_word' id='word_1_324' title='bbox 1859 2233 1872 2244; x_wconf 80' lang='grc'>-.</span> 
     </span>
     <span class='ocr_line' id='line_1_36' title="bbox 353 2250 1841 2297; baseline 0.003 -10"><span class='ocrx_word' id='word_1_325' title='bbox 353 2251 435 2295; x_wconf 91' lang='lat' dir='ltr'>tipo</span> <span class='ocrx_word' id='word_1_326' title='bbox 473 2250 640 2288; x_wconf 83' lang='lat' dir='ltr'>ritmico.</span> <span class='ocrx_word' id='word_1_327' title='bbox 671 2250 746 2294; x_wconf 82' lang='lat' dir='ltr'>Qui</span> <span class='ocrx_word' id='word_1_328' title='bbox 782 2253 815 2288; x_wconf 88' lang='lat' dir='ltr'>si</span> <span class='ocrx_word' id='word_1_329' title='bbox 850 2250 936 2289; x_wconf 89' lang='lat' dir='ltr'>dice</span> <span class='ocrx_word' id='word_1_330' title='bbox 966 2256 1144 2297; x_wconf 83' lang='lat' dir='ltr'>appunto</span> <span class='ocrx_word' id='word_1_331' title='bbox 1178 2252 1250 2290; x_wconf 86' lang='lat' dir='ltr'>che</span> <span class='ocrx_word' id='word_1_332' title='bbox 1281 2253 1534 2297; x_wconf 83' lang='lat' dir='ltr'>impararono</span> <span class='ocrx_word' id='word_1_333' title='bbox 1571 2266 1595 2291; x_wconf 87' lang='grc'><strong>3</strong></span> <span class='ocrx_word' id='word_1_334' title='bbox 1634 2257 1746 2291; x_wconf 84' lang='lat' dir='ltr'>tener</span> <span class='ocrx_word' id='word_1_335' title='bbox 1783 2253 1870 2291; x_wconf 86' lang='lat' dir='ltr'>di-</span> 
     </span>
     <span class='ocr_line' id='line_1_37' title="bbox 355 2298 1870 2348; baseline 0.004 -14"><span class='ocrx_word' id='word_1_336' title='bbox 355 2299 475 2335; x_wconf 83' lang='lat' dir='ltr'>stinto</span> <span class='ocrx_word' id='word_1_337' title='bbox 501 2310 556 2335; x_wconf 90' lang='lat' dir='ltr'>un</span> <span class='ocrx_word' id='word_1_338' title='bbox 583 2299 664 2343; x_wconf 87' lang='lat' dir='ltr'>tipo</span> <span class='ocrx_word' id='word_1_339' title='bbox 690 2298 845 2336; x_wconf 85' lang='lat' dir='ltr'>ritmico</span> <span class='ocrx_word' id='word_1_340' title='bbox 872 2298 922 2336; x_wconf 88' lang='lat' dir='ltr'>da</span> <span class='ocrx_word' id='word_1_341' title='bbox 947 2311 1000 2336; x_wconf 87' lang='lat' dir='ltr'>un</span> <span class='ocrx_word' id='word_1_342' title='bbox 1026 2299 1142 2346; x_wconf 80' lang='lat' dir='ltr'>altro,</span> <span class='ocrx_word' id='word_1_343' title='bbox 1166 2312 1204 2344; x_wconf 90' lang='lat' dir='ltr'>p.</span> <span class='ocrx_word' id='word_1_344' title='bbox 1231 2312 1284 2337; x_wconf 85' lang='lat' dir='ltr'>es.</span> <span class='ocrx_word' id='word_1_345' title='bbox 1318 2301 1346 2337; x_wconf 91' lang='lat' dir='ltr'>il</span> <span class='ocrx_word' id='word_1_346' title='bbox 1373 2301 1479 2347; x_wconf 76' lang='grc' dir='ltr'><em>γένος</em></span> <span class='ocrx_word' id='word_1_347' title='bbox 1508 2302 1588 2337; x_wconf 78' lang='grc' dir='ltr'><strong><em>ἴσον</em></strong></span> <span class='ocrx_word' id='word_1_348' title='bbox 1626 2313 1649 2339; x_wconf 92' lang='lat' dir='ltr'>o</span> <span class='ocrx_word' id='word_1_349' title='bbox 1682 2301 1710 2338; x_wconf 83' lang='lat' dir='ltr'>il</span> <span class='ocrx_word' id='word_1_350' title='bbox 1734 2301 1870 2348; x_wconf 64' lang='lat' dir='ltr'>ye&#39;voc}</span> 
     </span>
     <span class='ocr_line' id='line_1_38' title="bbox 354 2342 1872 2393; baseline 0.004 -13"><span class='ocrx_word' id='word_1_351' title='bbox 354 2342 557 2391; x_wconf 66' lang='grc' dir='ltr'><em>διπλάσιον,</em></span> <span class='ocrx_word' id='word_1_352' title='bbox 583 2345 611 2382; x_wconf 89' lang='lat' dir='ltr'>il</span> <span class='ocrx_word' id='word_1_353' title='bbox 636 2345 753 2383; x_wconf 89' lang='lat' dir='ltr'>ritmo</span> <span class='ocrx_word' id='word_1_354' title='bbox 780 2345 974 2384; x_wconf 79' lang='lat' dir='ltr'>dattilico</span> <span class='ocrx_word' id='word_1_355' title='bbox 993 2359 1016 2384; x_wconf 94' lang='lat' dir='ltr'>o</span> <span class='ocrx_word' id='word_1_356' title='bbox 1043 2347 1069 2384; x_wconf 92' lang='lat' dir='ltr'>il</span> <span class='ocrx_word' id='word_1_357' title='bbox 1096 2348 1281 2386; x_wconf 86' lang='lat' dir='ltr'>trocaico.</span> <span class='ocrx_word' id='word_1_358' title='bbox 1320 2346 1370 2385; x_wconf 85' lang='lat' dir='ltr'>Se</span> <span class='ocrx_word' id='word_1_359' title='bbox 1401 2348 1467 2393; x_wconf 89' lang='lat' dir='ltr'>poi</span> <span class='ocrx_word' id='word_1_360' title='bbox 1504 2360 1584 2387; x_wconf 89' lang='lat' dir='ltr'>non</span> <span class='ocrx_word' id='word_1_361' title='bbox 1613 2347 1846 2386; x_wconf 49' lang='lat' dir='ltr'>s’ammettov</span> <span class='ocrx_word' id='word_1_362' title='bbox 1865 2351 1872 2392; x_wconf 73' lang='lat' dir='ltr'><strong>j</strong></span> 
     </span>
     <span class='ocr_line' id='line_1_39' title="bbox 355 2393 1872 2452; baseline 0.003 -22"><span class='ocrx_word' id='word_1_363' title='bbox 355 2393 652 2439; x_wconf 81' lang='lat' dir='ltr'>trasposizione‚</span> <span class='ocrx_word' id='word_1_364' title='bbox 678 2393 895 2432; x_wconf 85' lang='lat' dir='ltr'>dovendosi</span> <span class='ocrx_word' id='word_1_365' title='bbox 920 2397 1130 2432; x_wconf 81' lang='lat' dir='ltr'>ammetter</span> <span class='ocrx_word' id='word_1_366' title='bbox 1155 2395 1300 2432; x_wconf 81' lang='lat' dir='ltr'>lacuna</span> <span class='ocrx_word' id='word_1_367' title='bbox 1325 2394 1488 2434; x_wconf 82' lang='lat' dir='ltr'>(lavanti</span> <span class='ocrx_word' id='word_1_368' title='bbox 1515 2409 1539 2434; x_wconf 88' lang='grc'><strong>3</strong></span> <span class='ocrx_word' id='word_1_369' title='bbox 1557 2400 1696 2442; x_wconf 76' lang='lat' dir='ltr'>questo</span> <span class='ocrx_word' id='word_1_370' title='bbox 1713 2408 1841 2442; x_wconf 67' lang='lat' dir='ltr'>verm,</span> <span class='ocrx_word' id='word_1_371' title='bbox 1862 2398 1872 2452; x_wconf 58' lang='grc' dir='ltr'>ἐ</span> 
     </span>
     <span class='ocr_line' id='line_1_40' title="bbox 354 2440 1872 2490; baseline -0.001 -12"><span class='ocrx_word' id='word_1_372' title='bbox 354 2453 433 2478; x_wconf 91' lang='lat' dir='ltr'>non</span> <span class='ocrx_word' id='word_1_373' title='bbox 460 2440 621 2478; x_wconf 81' lang='lat' dir='ltr'>abbiam</span> <span class='ocrx_word' id='word_1_374' title='bbox 647 2440 782 2478; x_wconf 84' lang='lat' dir='ltr'>diritto</span> <span class='ocrx_word' id='word_1_375' title='bbox 808 2441 846 2478; x_wconf 84' lang='lat' dir='ltr'>di</span> <span class='ocrx_word' id='word_1_376' title='bbox 874 2442 1043 2479; x_wconf 85' lang='lat' dir='ltr'>mutarei</span> <span class='ocrx_word' id='word_1_377' title='bbox 1068 2442 1188 2480; x_wconf 84' lang='lat' dir='ltr'>nulla.</span> <span class='ocrx_word' id='word_1_378' title='bbox 1215 2443 1248 2480; x_wconf 85' lang='grc' dir='ltr'><strong>Ε</strong></span> <span class='ocrx_word' id='word_1_379' title='bbox 1269 2443 1296 2480; x_wconf 88' lang='lat' dir='ltr'>il</span> <span class='ocrx_word' id='word_1_380' title='bbox 1322 2443 1497 2488; x_wconf 85' lang='lat' dir='ltr'>ripetuto</span> <span class='ocrx_word' id='word_1_381' title='bbox 1517 2455 1652 2490; x_wconf 59' lang='lat' dir='ltr'>yemis,</span> <span class='ocrx_word' id='word_1_382' title='bbox 1671 2444 1775 2489; x_wconf 82' lang='lat'>1409,</span> <span class='ocrx_word' id='word_1_383' title='bbox 1799 2443 1872 2480; x_wconf 61' lang='lat' dir='ltr'>iri-¹⁴</span> 
     </span>
     <span class='ocr_line' id='line_1_41' title="bbox 355 2477 1872 2540; baseline 0.002 -15"><span class='ocrx_word' id='word_1_384' title='bbox 355 2500 469 2525; x_wconf 87' lang='lat' dir='ltr'>senso</span> <span class='ocrx_word' id='word_1_385' title='bbox 496 2487 664 2531; x_wconf 79' lang='lat' dir='ltr'>diverso,</span> <span class='ocrx_word' id='word_1_386' title='bbox 699 2487 731 2530; x_wconf 78' lang='lat' dir='ltr'>e,</span> <span class='ocrx_word' id='word_1_387' title='bbox 769 2488 1143 2536; x_wconf 77' lang='lat' dir='ltr'>luorezianamente,</span> <span class='ocrx_word' id='word_1_388' title='bbox 1176 2502 1256 2527; x_wconf 90' lang='lat' dir='ltr'>una</span> <span class='ocrx_word' id='word_1_389' title='bbox 1282 2491 1495 2528; x_wconf 77' lang='lat' dir='ltr'>conferma.</span> <span class='ocrx_word' id='word_1_390' title='bbox 1593 2510 1636 2516; x_wconf 87' lang='lat'>-</span> <span class='ocrx_word' id='word_1_391' title='bbox 1663 2489 1759 2526; x_wconf 80' lang='lat'>1412</span> <span class='ocrx_word' id='word_1_392' title='bbox 1783 2477 1872 2540; x_wconf 51' lang='lat'>⁸325}</span> 
     </span>
     <span class='ocr_line' id='line_1_42' title="bbox 356 2535 1872 2600; baseline 0.003 -27"><span class='ocrx_word' id='word_1_393' title='bbox 356 2535 501 2574; x_wconf 85' lang='lat' dir='ltr'>Costr.:</span> <span class='ocrx_word' id='word_1_394' title='bbox 521 2539 556 2572; x_wconf 81' lang='lat' dir='ltr'>et</span> <span class='ocrx_word' id='word_1_395' title='bbox 566 2538 764 2581; x_wconf 76' lang='lat' dir='ltr'>posterior</span> <span class='ocrx_word' id='word_1_396' title='bbox 776 2548 839 2573; x_wconf 82' lang='lat' dir='ltr'>res</span> <span class='ocrx_word' id='word_1_397' title='bbox 853 2536 938 2582; x_wconf 81' lang='lat' dir='ltr'>fere</span> <span class='ocrx_word' id='word_1_398' title='bbox 951 2538 1090 2575; x_wconf 82' lang='lat' dir='ltr'>melior</span> <span class='ocrx_word' id='word_1_399' title='bbox 1107 2542 1264 2583; x_wconf 77' lang='lat' dir='ltr'>reperta</span> <span class='ocrx_word' id='word_1_400' title='bbox 1278 2538 1411 2584; x_wconf 80' lang='lat' dir='ltr'>perdit</span> <span class='ocrx_word' id='word_1_401' title='bbox 1427 2539 1514 2576; x_wconf 73' lang='lat' dir='ltr'><em>illa.</em></span> <span class='ocrx_word' id='word_1_402' title='bbox 1589 2557 1632 2564; x_wconf 92' lang='lat'><em>-</em></span> <span class='ocrx_word' id='word_1_403' title='bbox 1652 2538 1756 2574; x_wconf 76' lang='lat'>1413.</span> <span class='ocrx_word' id='word_1_404' title='bbox 1770 2540 1872 2600; x_wconf 59' lang='lat' dir='ltr'>ivn-j</span> 
     </span>
     <span class='ocr_line' id='line_1_43' title="bbox 355 2583 1872 2631; baseline 0.003 -11"><span class='ocrx_word' id='word_1_405' title='bbox 355 2587 482 2620; x_wconf 76' lang='lat' dir='ltr'>mutat</span> <span class='ocrx_word' id='word_1_406' title='bbox 505 2594 644 2621; x_wconf 79' lang='lat' dir='ltr'>sensus</span> <span class='ocrx_word' id='word_1_407' title='bbox 669 2583 722 2620; x_wconf 82' lang='lat' dir='ltr'>ad</span> <span class='ocrx_word' id='word_1_408' title='bbox 734 2586 913 2629; x_wconf 80' lang='lat' dir='ltr'>pristina</span> <span class='ocrx_word' id='word_1_409' title='bbox 941 2583 957 2599; x_wconf 86' lang='lat'>“</span> <span class='ocrx_word' id='word_1_410' title='bbox 977 2584 1019 2621; x_wconf 85' lang='lat' dir='ltr'>fa</span> <span class='ocrx_word' id='word_1_411' title='bbox 1036 2585 1236 2623; x_wconf 85' lang='lat' dir='ltr'>cambiare</span> <span class='ocrx_word' id='word_1_412' title='bbox 1253 2585 1612 2631; x_wconf 83' lang='lat' dir='ltr'>l’apprezzamento</span> <span class='ocrx_word' id='word_1_413' title='bbox 1629 2585 1733 2623; x_wconf 84' lang='lat' dir='ltr'>delle</span> <span class='ocrx_word' id='word_1_414' title='bbox 1753 2589 1872 2631; x_wconf 61' lang='lat' dir='ltr'>pre-³2}</span> 
     </span>
     <span class='ocr_line' id='line_1_44' title="bbox 356 2630 1872 2680; baseline 0.002 -12"><span class='ocrx_word' id='word_1_415' title='bbox 356 2630 525 2668; x_wconf 77' lang='lat' dir='ltr'>cedenti.</span> <span class='ocrx_word' id='word_1_416' title='bbox 544 2659 562 2676; x_wconf 90' lang='lat'>„</span> <span class='ocrx_word' id='word_1_417' title='bbox 590 2630 623 2667; x_wconf 85' lang='grc' dir='ltr'>Ε</span> <span class='ocrx_word' id='word_1_418' title='bbox 649 2630 799 2675; x_wconf 86' lang='lat' dir='ltr'>quindi‚</span> <span class='ocrx_word' id='word_1_419' title='bbox 825 2631 854 2668; x_wconf 73' lang='grc' dir='ltr'>ε’</span> <span class='ocrx_word' id='word_1_420' title='bbox 873 2632 1047 2678; x_wconf 86' lang='lat' dir='ltr'>intende,</span> <span class='ocrx_word' id='word_1_421' title='bbox 1072 2632 1283 2677; x_wconf 85' lang='lat' dir='ltr'>giudicano</span> <span class='ocrx_word' id='word_1_422' title='bbox 1319 2645 1343 2670; x_wconf 89' lang='grc'><strong>3</strong></span> <span class='ocrx_word' id='word_1_423' title='bbox 1367 2635 1472 2671; x_wconf 82' lang='lat' dir='ltr'>torto</span> <span class='ocrx_word' id='word_1_424' title='bbox 1509 2645 1625 2671; x_wconf 87' lang='lat' dir='ltr'>meno</span> <span class='ocrx_word' id='word_1_425' title='bbox 1659 2632 1777 2671; x_wconf 83' lang='lat' dir='ltr'>felice</span> <span class='ocrx_word' id='word_1_426' title='bbox 1801 2633 1872 2680; x_wconf 50' lang='lat' dir='ltr'>lazi</span> 
     </span>
     <span class='ocr_line' id='line_1_45' title="bbox 356 2675 1872 2735; baseline 0.002 -20"><span class='ocrx_word' id='word_1_427' title='bbox 356 2677 586 2715; x_wconf 85' lang='lat' dir='ltr'>condizione</span> <span class='ocrx_word' id='word_1_428' title='bbox 632 2677 671 2714; x_wconf 85' lang='lat' dir='ltr'>di</span> <span class='ocrx_word' id='word_1_429' title='bbox 715 2678 847 2716; x_wconf 91' lang='lat' dir='ltr'>coloro</span> <span class='ocrx_word' id='word_1_430' title='bbox 893 2679 965 2717; x_wconf 86' lang='lat' dir='ltr'>che</span> <span class='ocrx_word' id='word_1_431' title='bbox 1009 2679 1047 2716; x_wconf 92' lang='lat' dir='ltr'>in</span> <span class='ocrx_word' id='word_1_432' title='bbox 1091 2679 1222 2725; x_wconf 89' lang='lat' dir='ltr'>quelle</span> <span class='ocrx_word' id='word_1_433' title='bbox 1263 2680 1428 2726; x_wconf 80' lang='lat' dir='ltr'>pristine</span> <span class='ocrx_word' id='word_1_434' title='bbox 1473 2680 1694 2719; x_wconf 80' lang='lat' dir='ltr'>condizioni</span> <span class='ocrx_word' id='word_1_435' title='bbox 1735 2675 1872 2735; x_wconf 52' lang='lat' dir='ltr'>vive]</span> 
     </span>
     <span class='ocr_line' id='line_1_46' title="bbox 356 2724 1826 2773; baseline 0.003 -11"><span class='ocrx_word' id='word_1_436' title='bbox 356 2737 471 2762; x_wconf 84' lang='lat' dir='ltr'>vano.</span> <span class='ocrx_word' id='word_1_437' title='bbox 569 2745 613 2749; x_wconf 74' lang='lat'>——</span> <span class='ocrx_word' id='word_1_438' title='bbox 641 2724 731 2761; x_wconf 82' lang='grc'><strong>1417</strong></span> <span class='ocrx_word' id='word_1_439' title='bbox 757 2738 840 2771; x_wconf 83' lang='lat' dir='ltr'>sgg.</span> <span class='ocrx_word' id='word_1_440' title='bbox 879 2729 912 2764; x_wconf 89' lang='lat' dir='ltr'>ci</span> <span class='ocrx_word' id='word_1_441' title='bbox 951 2727 992 2763; x_wconf 87' lang='lat' dir='ltr'>fa</span> <span class='ocrx_word' id='word_1_442' title='bbox 1027 2727 1218 2765; x_wconf 82' lang='lat' dir='ltr'>balenare</span> <span class='ocrx_word' id='word_1_443' title='bbox 1249 2740 1330 2765; x_wconf 82' lang='lat' dir='ltr'>una</span> <span class='ocrx_word' id='word_1_444' title='bbox 1361 2739 1480 2766; x_wconf 85' lang='lat' dir='ltr'>scena</span> <span class='ocrx_word' id='word_1_445' title='bbox 1513 2728 1646 2766; x_wconf 81' lang='lat' dir='ltr'>feroce</span> <span class='ocrx_word' id='word_1_446' title='bbox 1676 2727 1716 2765; x_wconf 88' lang='lat' dir='ltr'>di</span> <span class='ocrx_word' id='word_1_447' title='bbox 1748 2739 1826 2773; x_wconf 80' lang='lat' dir='ltr'>que</span> 
     </span>
    </p>

    <p class='ocr_par' dir='ltr' id='par_1_10' title="bbox 357 2772 1851 2822">
     <span class='ocr_line' id='line_1_47' title="bbox 357 2772 1851 2822; baseline 0.002 -12"><span class='ocrx_word' id='word_1_448' title='bbox 357 2773 477 2817; x_wconf 79' lang='lat' dir='ltr'>tempi</span> <span class='ocrx_word' id='word_1_449' title='bbox 505 2772 699 2817; x_wconf 83' lang='lat' dir='ltr'>parallela</span> <span class='ocrx_word' id='word_1_450' title='bbox 725 2785 748 2810; x_wconf 84' lang='lat' dir='ltr'>a</span> <span class='ocrx_word' id='word_1_451' title='bbox 775 2774 946 2822; x_wconf 84' lang='lat' dir='ltr'>belloque</span> <span class='ocrx_word' id='word_1_452' title='bbox 969 2773 1150 2821; x_wconf 72' lang='lat' dir='ltr'>satiyant</span> <span class='ocrx_word' id='word_1_453' title='bbox 1177 2776 1279 2813; x_wconf 82' lang='lat'>1422.</span> <span class='ocrx_word' id='word_1_454' title='bbox 1305 2774 1387 2813; x_wconf 71' lang='lat' dir='ltr'>Che</span> <span class='ocrx_word' id='word_1_455' title='bbox 1415 2775 1452 2812; x_wconf 84' lang='lat' dir='ltr'>la</span> <span class='ocrx_word' id='word_1_456' title='bbox 1478 2780 1623 2813; x_wconf 77' lang='lat' dir='ltr'>natura</span> <span class='ocrx_word' id='word_1_457' title='bbox 1647 2787 1795 2814; x_wconf 77' lang='lat' dir='ltr'>umana.</span> <span class='ocrx_word' id='word_1_458' title='bbox 1818 2773 1851 2813; x_wconf 66' lang='grc' dir='ltr'>δῖ</span> 
     </span>
    </p>
   </div>
   <div class='ocr_carea' id='block_1_5' title="bbox 1823 2753 1872 3002">
    <p class='ocr_par' dir='ltr' id='par_1_11' title="bbox 1823 2753 1872 3002">
     <span class='ocr_line' id='line_1_48' title="bbox 1823 2753 1872 3002; baseline 0 -137"><span class='ocrx_word' id='word_1_459' title='bbox 1823 2753 1872 3002; x_wconf 95' lang='lat' dir='ltr'>  </span> 
     </span>
    </p>
   </div>
  </div>
 </body>
</html>
