1872 3002
321 65 406 112 134
732 61 818 113 DE
846 16 1077 113 RERUM
1107 59 1385 113 NATURA

347 160 540 219 iuraque
572 159 862 217 constituere,
894 163 946 206 ut
977 158 1147 206 vellent
1178 159 1358 218 legibus
1389 161 1472 207 uti.

347 241 454 272 nam
486 241 632 283 genus
663 223 929 282 humanum,
962 223 1188 271 defessum
1220 224 1268 272 vi
1298 223 1444 272 colere
1474 240 1649 285 aevom,

349 307 406 337 ex
437 289 692 337 inimicitiis
723 289 995 347 languebat;
1029 305 1118 349 quo
1150 289 1300 349 magis
1330 289 1480 350 ipsum

227 372 317 410 1145
346 361 506 415 sponte
538 371 620 402 sua
651 354 814 402 cecidit
846 355 929 402 sub
960 354 1084 414 leges
1115 354 1307 415 artaque
1337 356 1455 404 iura.

349 421 500 468 acrius
532 436 589 466 ex
619 419 692 466 ira
722 419 843 479 quod
875 419 996 467 enim
1028 436 1074 468 se
1107 420 1299 480 quisque
1331 421 1526 481 parabat

348 485 509 533 ulcisci
541 501 681 544 quam
712 500 836 531 nunc
867 490 1176 534 concessumst
1206 485 1387 545 legibus
1419 486 1591 547 aequis,

348 551 469 598 hanc
500 550 556 597 01)
574 564 685 597 ‘rem
718 555 786 598 est
817 549 1024 598 homines
1057 557 1314 610 pertaesum
1347 552 1395 600 vi
1427 551 1575 600 colere
1607 568 1784 602 aevom.
1842 574 1843 578 ¹

348 616 454 663 inde
486 620 634 663 metus
665 615 870 663 maculat
902 632 1153 675 poenarum
1186 617 1391 677 praemia
1421 618 1558 666 Vitae.
1607 619 1630 627 “’
1672 617 1706 627 “’
1840 616 1843 618 ’

229 700 319 736 1150
351 681 636 728 circumretit
668 680 791 728 enim
822 681 893 728 vis
926 686 1065 741 atque
1096 682 1268 730 iniuria
1300 699 1538 744 quemque,

349 751 487 807 atque
518 746 639 793 unde
671 751 888 803 exortast,
923 747 981 793 ad
1013 763 1115 795 eum
1149 747 1417 809 plerumque
1448 750 1651 810 revertit,

349 828 432 860 nec
463 811 642 860 facilest
674 812 905 871 placidam
936 828 990 859 ac
1022 818 1234 872 pacatam
1267 814 1432 874 degere
1463 815 1609 864 vitam

350 877 431 938 qui
462 877 606 925 violat
637 876 772 924 factis
805 878 1065 925 communia
1096 878 1282 927 foedera
1312 880 1463 939 pacis:

351 945 436 992 etsi
467 943 589 991 fallit
621 944 741 991 enim
775 943 930 991 divom
962 961 1107 1003 genus
1139 944 1498 1007 humanumque,

230 1028 321 1065 1155
353 1014 570 1070 perpetuo
601 1014 759 1056 tamen
790 1009 837 1056 id
870 1009 965 1057 fore
998 1009 1117 1057 clam
1150 1011 1359 1060 diffidere
1390 1012 1545 1071 debet;

350 1076 518 1135 quippe
549 1075 629 1122 ubi
661 1091 707 1122 se
740 1074 874 1121 multi
906 1091 985 1134 per
1019 1076 1197 1124 somnia
1228 1093 1362 1137 saepe
1392 1076 1628 1138 loquentes

349 1146 429 1188 aut
461 1141 618 1188 morbo
650 1139 896 1187 delirantes
929 1145 1144 1200 protraxe
1177 1141 1384 1190 ferantur

229 1226 318 1263 1158
350 1211 396 1253 et
427 1205 575 1253 celata
608 1205 691 1252 diu
722 1205 771 1252 in
803 1205 1005 1254 medium
1037 1211 1080 1254 et
1112 1213 1300 1266 peccata
1331 1207 1522 1256 dedisse.

228 1292 318 1328 1026
408 1273 474 1319 At
507 1271 659 1318 varios
691 1270 878 1330 linguae
909 1272 1084 1320 sonitus
1117 1278 1284 1320 natura
1314 1273 1499 1333 subegit

319 1435 396 1473 tati
421 1433 472 1473 da
491 1434 604 1472 Neue
631 1432 845 1478 (Formenl.
868 1432 887 1469 I
912 1433 1014 1479 205),
1039 1432 1156 1472 Cato:
1194 1439 1308 1482 atque
1333 1435 1443 1474 haud
1466 1437 1546 1475 scio
1580 1448 1636 1474 an
1657 1438 1809 1484 partim
1848 1431 1859 1477 f

321 1495 454 1522 eorum
480 1482 645 1530 fuerint,
671 1483 806 1527 qui...
842 1481 886 1518 iol
916 1481 1121 1519 noluerint
1147 1485 1310 1520 evenire.
1338 1481 1416 1521 Cic.
1444 1483 1515 1530 leq.
1541 1485 1563 1522 2
1587 1484 1635 1521 42
1659 1487 1827 1532 partim*

322 1543 368 1569 ex
393 1531 479 1568 illis
504 1530 693 1567 distracti
717 1533 751 1566 et
772 1529 962 1574 dissipati
977 1530 1131 1575 iacent„
1154 1532 1240 1573 etc„
1262 1533 1335 1568 etc.
1362 1531 1395 1568 E
1413 1530 1453 1569 di
1473 1530 1663 1570 Lucrezio
1683 1543 1808 1571 stesso
1846 1563 1848 1566 ,

321 1592 357 1616 v,
380 1579 469 1616 1081
499 1578 604 1622 1312,
630 1589 707 1615 eoo.
805 1595 849 1600 --
878 1575 975 1611 1143
1002 1588 1023 1614 e
1052 1576 1154 1614 1148.
1182 1578 1304 1615 colere
1330 1590 1488 1626 (ιρι-αντη
1511 1579 1651 1618 Plane·
1670 1591 1692 1618 e
1720 1579 1810 1618 Ter.

322 1627 455 1664 hanno
482 1626 605 1663 colere
630 1626 941 1668 vitamzaqere
966 1625 1098 1662 vitam.
1197 1645 1239 1651 —
1269 1625 1492 1665 1143-1145.
1523 1626 1626 1666 Sono
1653 1639 1733 1666 una
1757 1627 1810 1665 ri·
1837 1635 1839 1638 “

320 1673 517 1719 petizione
544 1673 674 1710 intesa
700 1685 724 1709 a
750 1671 925 1708 ribadire
953 1672 1024 1709 che
1053 1673 1151 1719 ἱερᾶς
1177 1677 1212 1710 et
1236 1675 1332 1711 iura
1357 1686 1378 1711 e
1405 1676 1512 1713 tutta
1535 1674 1576 1712 la
1596 1673 1712 1720 legge
1730 1686 1809 1713 mo·
1830 1672 1851 1698 Ῑ·

322 1721 406 1759 rale
425 1733 503 1759 non
522 1721 655 1758 hanno
674 1720 778 1757 altra
797 1719 950 1764 origine
973 1719 1045 1756 che
1063 1719 1102 1757 la
1121 1721 1290 1758 utilitas.
1383 1741 1425 1747 —-
1447 1721 1550 1760 1149.
1571 1721 1606 1759 Il
1627 1734 1742 1761 verso
1759 1734 1812 1761 va

320 1770 449 1807 inteso
476 1769 643 1814 rispetto
669 1766 952 1812 all’ambiente‚
978 1779 1049 1811 per
1075 1767 1136 1804 dir
1162 1768 1253 1814 cosi,
1279 1769 1320 1806 in
1345 1769 1408 1806 cui
1435 1769 1468 1807 si
1494 1771 1626 1808 trova:
1661 1770 1694 1808 si
1718 1769 1812 1808 rife-
1836 1783 1858 1811 ¹2

321 1817 423 1902 {1³33ss
442 1817 523 1901 agl}
541 1814 1568 1909 aeteram“sssssgssss'gssffiffl22332133553335&
1579 1817 1812 1911 ξὲέἷὲἕΐέέ

435 1893 443 1907 2
1139 1892 1147 1908 ‚
1852 1891 1859 1895 ⁷.

323 1924 467 1950 mezzo.
562 1934 609 1939 —
635 1911 742 1948 1150.
772 1908 786 1925 “
807 1910 866 1946 La
891 1909 1072 1947 violenza
1100 1923 1120 1948 e
1147 1910 1412 1956 l'ingiustizia
1437 1911 1580 1951 chiude
1610 1912 1714 1951 nelle
1740 1925 1812 1951 sue
1856 1911 1872 1950 ’1

321 1960 398 1998 reti
416 1960 616 2004 chiunque
632 1959 859 2004 (commette
876 1957 1058 1995 violenza
1077 1970 1097 1994 e
1115 1958 1374 2004 ingiustizia).
1395 1986 1411 2004 „
1492 1980 1536 1987 —
1555 1959 1659 1998 1151.
1677 1959 1812 2006 Bergk
1860 1959 1872 1995 ὲ

323 2020 344 2045 6
371 2008 464 2045 altri
490 2009 627 2045 revisit
647 2019 717 2052 per
739 2007 911 2048 revertit,
937 2016 958 2042 e
981 2005 1112 2043 citano
1132 2007 1213 2052 634,
1240 2007 1311 2044 che
1330 2007 1523 2052 piuttosto
1540 2007 1655 2054 parla
1671 2011 1810 2047 contro

322 2068 377 2093 un
398 2057 537 2093 revisit
563 2056 642 2100 qui.
745 2074 785 2078 —
816 2051 921 2088 1154.
949 2053 1075 2091 divom
1101 2054 1240 2099 spiega
1265 2054 1293 2092 il
1319 2054 1461 2093 Munro
1488 2067 1597 2094 come
1622 2055 1733 2094 detto
1754 2068 1814 2094 se·
1867 2057 1872 2078 ³

323 2103 449 2141 condo
473 2103 500 2140 il
529 2102 762 2148 linguaggio
790 2101 1111 2143 eonvenzionale‚
1138 2113 1158 2138 e
1185 2102 1339 2140 riferito
1372 2103 1409 2140 ai
1443 2102 1616 2148 pensieri
1643 2102 1707 2141 del
1731 2103 1814 2142 vio·
1859 2114 1872 2126 =

322 2151 451 2189 latore
479 2149 585 2188 della
610 2149 808 2195 giustizia.
834 2148 904 2203 Ma
927 2148 954 2185 il
980 2147 1212 2202 lin-guaggio
1231 2150 1540 2188 convenzionale
1559 2153 1703 2194 potem
1723 2158 1833 2189 con-x
1862 2185 1872 2202 ⁴,-

323 2202 532 2243 trapporre
559 2198 597 2235 al
623 2200 832 2243 peccatore
859 2195 954 2232 l’1ra
979 2207 1001 2232 0
1027 2196 1055 2232 11
1082 2197 1235 2242 castigo
1254 2196 1387 2235 divino
1409 2197 1458 2235 ed
1474 2210 1632 2245 umano,
1650 2210 1714 2236 ma
1733 2210 1811 2237 non
1863 2217 1872 2246 ,ε

322 2247 350 2283 11
376 2246 521 2293 fallere
557 2246 658 2291 deos,
690 2245 854 2282 insieme
888 2242 947 2280 col
983 2241 1128 2289 fallere
1161 2244 1360 2291 homines,·
1395 2244 1468 2284 che
1501 2258 1579 2284 non
1614 2248 1760 2291 poteva
1784 2245 1813 2283 il
1862 2250 1872 2273 ’π

323 2296 534 2339 peccatore
561 2305 722 2338 sperare
750 2291 787 2329 di
813 2290 959 2338 fallere
986 2291 1086 2329 deos.
1114 2291 1262 2335 Questo
1289 2293 1417 2331 divom
1450 2292 1472 2331 ὁ
1499 2305 1585 2331 ‘una
1610 2292 1814 2332 maliziosa
1861 2299 1872 2341 ᾗ

323 2343 517 2387 aggiunta
543 2341 583 2378 di
608 2342 813 2378 Lucrezio.
835 2340 854 2357 “
873 2337 1055 2393 Sebbene
1083 2339 1109 2376 il
1137 2339 1277 2378 delitto
1295 2340 1392 2378 resti
1410 2340 1594 2386 ignorato
1615 2340 1725 2386 dagli
1749 2340 1814 2379 dei
1868 2355 1872 2391 3

326 2409 365 2414 --
393 2389 708 2427 naturalmente!
742 2407 786 2413 —
820 2399 840 2423 e
868 2386 972 2431 dagh
1000 2386 1148 2423 uomini
1182 2416 1196 2432 „
1296 2408 1339 2412 —
1369 2387 1472 2424 1155.
1504 2389 1549 2426 id
1579 2387 1668 2434 fore
1701 2389 1812 2431 clam,

325 2449 437 2475 come
459 2436 499 2473 in
526 2436 683 2481 Plauto,
712 2434 916 2479 Terenzio‚
942 2433 1077 2476 Livio;
1104 2447 1141 2479 p.
1169 2447 1221 2472 es.
1250 2435 1338 2473 Ter.
1366 2435 1520 2482 adelph.
1547 2437 1591 2473 71
1619 2438 1658 2474 si
1679 2440 1814 2484 sperat
1864 2457 1872 2478 ε

324 2486 369 2522 id
393 2484 482 2531 fore
508 2484 620 2522 clam.
719 2503 756 2509 —
784 2481 887 2518 1157.
912 2485 1123 2527 ρνοέ·ναωθ,·
1148 2482 1218 2519 cfr.
1239 2494 1465 2530 consumpse
1481 2483 1503 2521 1
1523 2484 1606 2530 233,
1627 2482 1814 2522 abstraxe
1864 2483 1872 2521 ἓ

324 2532 384 2570 VI
410 2533 490 2570 648.
589 2551 630 2556 —
658 2530 766 2568 1158.
794 2530 876 2575 diu,
907 2529 1180 2572 integrazione
1215 2529 1278 2568 del
1313 2530 1496 2578 Marullo,
1531 2533 1732 2570 accettata
1763 2530 1828 2571 da,
1860 2541 1872 2578 ξ

323 2579 460 2625 Bergk
486 2592 507 2617 e
534 2579 627 2624 Brg.
652 2579 798 2616 Invece
824 2577 867 2613 L.
894 2576 938 2612 B.
965 2575 1016 2613 M.
1043 2577 1174 2614 malm
1854 2579 1872 2628 ζ’

420 2626 640 2664 1026-1088.
659 2627 696 2664 A
715 2625 1001 2670 complemento
1028 2622 1066 2660 di
1084 2627 1224 2669 questa
1243 2625 1366 2663 storia
1384 2624 1447 2663 dei
1467 2625 1670 2672 primordi,
1690 2627 1815 2664 tratta
1865 2614 1872 2637 ⁵

324 2687 393 2713 ora
414 2675 442 2712 il
458 2679 577 2720 poeta
599 2673 846 2718 dell'origine
865 2671 927 2709 del
949 2671 1179 2717 linguaggio
1200 2685 1220 2710 e
1236 2672 1486 2718 dell’origine
1505 2673 1610 2712 della
1623 2673 1814 2720 religione
1858 2666 1872 2735 ξ
