1872 3002
316 162 403 209 268
726 162 813 209 DE
843 162 1075 210 RERUM
1106 161 1383 210 NATURA

245 268 317 306 870
347 260 392 302 et
424 256 638 303 rarefecit
670 256 820 303 calido
850 256 1073 316 gliscente
1106 272 1273 315 vapore

346 337 504 368 rursus
535 321 585 368 in
616 321 832 380 antiquas
864 321 1056 370 redeunt
1090 321 1342 381 primordia
1374 322 1503 370 sedes

346 385 483 444 ignis,
518 390 561 432 et
592 386 641 433 in
674 391 845 433 terram
878 387 998 434 cedit
1031 387 1156 434 calor
1187 387 1335 434 omnis
1367 387 1527 446 aquai:

348 449 546 508 frigidus
578 450 697 497 hanc
729 451 785 497 ob
818 467 916 497 rem
948 452 999 498 fit
1031 451 1132 499 fons
1164 452 1212 498 in
1244 451 1346 499 luce
1379 451 1560 500 diurna.

348 520 586 574 praeterea
613 515 720 563 solis
752 516 894 563 radiis
927 516 1127 563 iactatur
1159 516 1298 576 aquai

247 593 318 629 875
352 597 483 627 umor
514 585 559 627 et
591 581 638 627 in
670 581 819 629 lucem
852 582 1048 630 tremulo
1080 582 1272 630 rarescit
1304 583 1362 637 ab
1394 587 1551 631 aestu:

349 652 590 706 propterea
621 647 671 694 fit
704 648 772 695 uti
804 665 922 707 quae
953 649 1131 696 semina
1162 665 1356 708 cumque
1387 649 1525 697 habet
1555 649 1678 708 ignis

350 712 574 767 dimittat;
609 713 742 771 quasi
774 729 909 772 saepe
941 713 1109 772 gelum,
1143 714 1264 772 quod
1296 714 1500 761 continet
1530 713 1579 762 in
1610 730 1670 772 se,

350 777 493 824 mittit
525 783 570 825 et
602 778 777 826 exolvit
809 779 1007 837 glaciem
1039 779 1271 839 nodosque
1303 779 1496 826 relaxat.

408 843 630 902 Frigidus
661 849 729 891 est
761 844 901 891 etiam
934 844 1049 898 fons,
1082 860 1221 903 supra.
1254 860 1390 903 quem
1423 844 1513 891 sita
1544 859 1680 905 saepe

249 917 319 953 880
351 913 518 967 stuppa
548 908 658 956 iacit
689 909 924 956 flammam
957 915 1175 969 concepto
1208 909 1419 968 protinus
1450 908 1566 968 igni,

350 973 574 1033 taedaque
606 975 833 1022 consimili
865 975 1042 1022 ratione
1074 991 1266 1022 accensa
1299 991 1380 1034 per
1412 974 1560 1021 undas

325 1183 398 1221 tiro
425 1184 631 1222 dis-movit.
663 1183 696 1220 Il
723 1185 866 1222 Mum-0
893 1185 972 1222 cita
1004 1187 1366 1230 opportunamente
1394 1184 1513 1230 Verg.
1546 1195 1652 1231 θεον.
1677 1184 1719 1222 11
1743 1186 1813 1223 513

324 1232 514 1277 Ayricola
540 1233 704 1269 incurvo
731 1237 878 1270 terram
905 1233 1066 1271 dimovit
1096 1237 1249 1271 aratro.
1347 1252 1391 1257 —
1414 1231 1497 1270 875.
1517 1233 1562 1270 in
1589 1232 1712 1270 lucem
1738 1233 1757 1251 ¹¹
1772 1232 1812 1269 al

323 1278 437 1317 venir
466 1278 530 1316 del
558 1279 697 1324 giorno
716 1309 730 1325 „
761 1279 831 1317 cfr.
851 1280 918 1316 712
937 1282 980 1317 in
1011 1283 1208 1317 aestatem.
1306 1300 1352 1304 —-
1389 1279 1556 1318 tremulo
1580 1278 1602 1318 ὸ
1628 1291 1684 1318 un
1702 1282 1813 1319 tocco

323 1326 561 1372 pittoresco;
583 1327 622 1364 la
641 1327 731 1364 luce
761 1327 792 1364 si
823 1327 971 1365 riflette
994 1326 1231 1365 tremolante
1258 1327 1496 1372 nell’aequa.
1593 1347 1636 1353 —
1662 1327 1731 1364 877
1756 1339 1813 1372 sg.

323 1375 402 1412 Per
420 1374 461 1411 la
485 1374 605 1419 piena
630 1374 883 1420 spiegazione
910 1374 949 1412 di
976 1375 1107 1420 questi
1133 1374 1238 1413 versi
1264 1374 1356 1413 vedi
1382 1377 1478 1413 nota
1495 1387 1519 1413 a
1539 1375 1709 1421 848-8ῖ8,
1735 1375 1815 1413 alla

323 1421 414 1459 fine.
435 1422 526 1460 Non
546 1422 578 1459 si
600 1421 830 1460 dimentichi
856 1423 928 1460 che
956 1422 983 1459 il
1009 1421 1149 1460 freddo
1167 1421 1188 1460 ὸ
1207 1434 1288 1460 una
1313 1421 1482 1461 materia
1506 1421 1588 1468 (qui
1615 1422 1815 1461 chiamata

321 1470 486 1516 9elum);
510 1469 551 1507 la
577 1469 695 1515 quale
721 1469 880 1515 quando
907 1468 928 1508 ὲ
955 1469 1198 1508 condensata
1227 1470 1269 1507 in
1296 1469 1448 1515 grande
1474 1469 1660 1516 quantita
1685 1469 1815 1508 forma

326 1517 451 1563 brina,
474 1529 588 1562 neve,
614 1517 806 1562 ghiaccio.
832 1517 1015 1562 L’aoqua
1042 1517 1201 1563 quando
1233 1518 1266 1555 si
1292 1517 1463 1555 riscalda
1496 1517 1658 1556 elimina
1687 1517 1739 1555 dn.
1772 1516 1814 1556 se

325 1564 365 1602 di
396 1567 538 1610 questa
567 1565 755 1608 materia3
785 1577 826 1603 se
853 1565 904 1602 ha
936 1565 1000 1602 del
1025 1565 1205 1610 ghiaccio
1235 1565 1273 1603 lo
1307 1564 1410 1603 disfa
1435 1565 1597 1610 (exolvit
1621 1565 1816 1611 nodosque

325 1612 500 1698 rellchat)
527 1625 548 1650 e
575 1624 624 1651 ne
650 1612 796 1651 manda
818 1612 883 1651 via
904 1613 917 1649 i
935 1613 1145 1651 materiali.
1243 1614 1488 1660 ——quasi—
1503 1617 1558 1660 ut,
1583 1623 1692 1651 come
1713 1612 1814 1650 altre

325 1671 375 1699 vo
411 1672 432 1698 e

418 1707 588 1744 879-905.
615 1707 656 1745 O‘
667 1706 689 1745 ὸ
715 1720 774 1771 un⁷
772 1707 895 1745 ’altra
928 1707 1038 1746 fonte
1071 1711 1228 1745 strana·
1255 1719 1344 1745 essa
1370 1706 1392 1745 ὸ
1417 1707 1498 1746 cosi
1531 1707 1648 1754 satta,
1673 1707 1747 1746 che
1772 1719 1814 1745 se

325 1755 358 1793 si
379 1755 462 1793 tien
488 1767 648 1801 sospesa
673 1755 774 1793 sovr'
777 1767 865 1810 essa
890 1754 995 1793 della
1021 1759 1174 1801 stoppa,
1200 1757 1342 1800 questa.
1366 1755 1491 1801 piglia
1511 1755 1645 1802 fuoco3
1665 1755 1714 1793 ed
1736 1767 1815 1793 una

326 1803 452 1841 torcia
472 1814 496 1840 a
517 1805 650 1848 vento,
667 1815 807 1841 accesa
824 1802 865 1840 in
884 1803 975 1848 quel
995 1802 1121 1850 modo,
1140 1815 1161 1841 e
1179 1802 1347 1840 lasciata
1371 1802 1437 1849 poi
1462 1802 1550 1840 sull’
1553 1814 1693 1849 acqua,
1716 1802 1746 1840 ε’
1749 1814 1817 1861 ag-

326 1851 426 1896 gira,
443 1862 553 1889 come
570 1850 610 1888 la
626 1850 765 1896 spinge
786 1850 813 1887 il
833 1852 966 1895 vento,
984 1850 1216 1888 rimanendo
1231 1862 1383 1888 accesa.
1401 1849 1470 1888 cib
1483 1851 1653 1889 avviene
1669 1848 1815 1896 perche

327 1898 419 1936 nell'
421 1910 550 1943 acqua
568 1907 694 1936 stessa
713 1898 746 1936 ci
764 1909 860 1936 sono
879 1880 990 1936 mol'ti
1015 1898 1138 1936 atomi
1164 1897 1204 1935 di
1229 1897 1352 1943 quelli
1377 1897 1452 1935 atti
1473 1910 1496 1935 a
1517 1897 1667 1936 formar
1684 1898 1814 1941 succo,

328 1958 349 1983 e
381 1945 493 1984 molti
525 1946 849 1984 continuamente
882 1955 931 1983 ne
957 1946 1130 1983 fornisce
1168 1945 1207 1983 la
1243 1949 1351 1983 terra
1387 1946 1647 1991 sottostante;
1674 1957 1695 1983 e
1721 1925 1815 1983 tutti

327 1993 457 2039 questi
482 1993 743 2039 primamente
770 2005 952 2038 vengono
978 2005 1025 2031 su
1050 1992 1137 2031 coll
1140 2005 1268 2038 acqua
1294 1992 1522 2038 all’aperto,
1547 2005 1568 2031 e
1594 1993 1662 2039 qui
1687 1992 1814 2038 giunti

328 2041 359 2078 si
385 2040 590 2079 sollevano
616 2040 709 2079 nell’
718 2041 815 2096 aria,
837 2053 858 2078 e
881 2041 949 2086 qui
975 2041 1073 2086 (non
1099 2040 1229 2079 tenuti
1255 2040 1323 2085 piu
1348 2040 1524 2085 separati
1549 2052 1574 2079 a
1598 2040 1710 2079 forza
1735 2039 1816 2078 dal-

327 2088 500 2134 l'acqua)
524 2087 753 2126 facilmente
780 2089 813 2126 si
839 2088 1076 2127 combinano
1102 2088 1143 2125 in
1169 2101 1223 2126 un
1249 2088 1490 2126 concilium
1480 2099 1608 2133 igneo,
1630 2099 1653 2126 e
1679 2087 1815 2125 diven-

328 2140 422 2174 tano
448 2135 618 2182 flamma,
645 2148 686 2174 se
712 2136 745 2174 si
772 2137 1006 2174 incontrano
1040 2136 1080 2173 in
1112 2148 1193 2173 una
1218 2136 1386 2173 materia
1407 2135 1634 2173 facilmente
1659 2135 1816 2173 combu-

328 2183 460 2221 stibile
485 2185 610 2228 (come
637 2183 675 2221 la
701 2180 867 2230 Qstoppa
893 2183 932 2221 la
959 2184 1101 2227 taeda),
1127 2182 1210 2221 cios
1249 2183 1289 2220 in
1327 2194 1408 2220 una
1445 2183 1613 2221 materia
1637 2183 1719 2221 alla
1743 2194 1816 2220 sua

328 2236 436 2274 volta
464 2236 585 2275 molto
615 2237 720 2274 ricca
738 2236 778 2274 di
795 2237 917 2275 atomi
942 2236 1102 2281 igniferi
1124 2236 1162 2280 (o
1183 2235 1387 2281 ignigeni).
1413 2255 1459 2261 -
1483 2223 1516 2274 Ε
1543 2238 1652 2274 certo
1679 2239 1816 2274 sti-ano

329 2284 400 2322 che
422 2283 626 2330 Lucrezio,
647 2289 785 2322 contro
809 2283 837 2321 il
864 2287 1065 2326 consueto,
1090 2296 1167 2320 non
1190 2283 1278 2320 dica
1299 2283 1326 2320 il
1348 2295 1463 2322 nome
1489 2295 1512 2321 0
1532 2283 1572 2321 la
1592 2281 1752 2322 localita
1778 2282 1817 2320 di

329 2333 469 2377 questo
499 2331 627 2377 fonte3
653 2344 717 2370 ma
756 2344 834 2369 non
870 2343 942 2377 per
977 2333 1117 2375 questo
1156 2333 1375 2369 muteremo
1414 2330 1763 2369 arbitrariamente
1789 2331 1817 2368 il

329 2378 453 2424 primo
480 2391 595 2417 verso
621 2391 694 2417 con
719 2379 874 2424 Bergk.
902 2379 1097 2425 Friyidus
1131 2383 1185 2416 est
1221 2380 1339 2416 etiam
1379 2378 1545 2416 Tomaro
1569 2379 1608 2422 (ο
1639 2377 1818 2422 Tomari)

329 2425 422 2473 fons
438 2438 549 2473 quem
569 2428 649 2464 sata
669 2439 804 2474 supra.
901 2445 947 2450 —
966 2426 1067 2463 Plin.
1089 2430 1170 2463 nat.
1190 2426 1279 2464 hist
1300 2425 1341 2463 II
1359 2426 1440 2463 228.
1456 2425 1506 2464 In
1523 2425 1686 2464 Dodone
1707 2425 1816 2464 Iovis

327 2473 422 2520 fons
448 2486 533 2512 cum
548 2476 602 2511 sit
616 2474 772 2521 yelidus
790 2478 825 2511 et
843 2475 1050 2511 immersas
1074 2472 1179 2519 facis
1206 2475 1423 2519 extinguat
1444 2474 1483 2511 si
1501 2475 1695 2511 extinctae
1718 2471 1818 2518 (cioe

329 2533 465 2559 accese
495 2534 516 2559 e
541 2521 608 2567 poi
639 2522 794 2567 spente)
829 2521 1120 2564 admoveantur,
1147 2521 1362 2559 accendtfflt
1373 2520 1461 2558 ‚In
1487 2520 1545 2558 Ill
1572 2522 1672 2559 ricis
1695 2531 1819 2601 supra

327 2568 476 2616 fontem
496 2568 540 2615 fr
542 2570 693 2615 iyidum
719 2580 915 2615 expansae
941 2573 1060 2606 vestes
1086 2569 1366 2606 accenduntur.
1556 2568 1612 2604 79.
1631 2579 1798 2615 supra..

329 2618 430 2663 sita;
454 2621 596 2654 tenuta
617 2628 746 2675 sopra,
767 2628 831 2653 ma
851 2628 970 2653 senza
997 2618 1131 2654 toccar
1157 2615 1323 2660 l'acqua.
1423 2635 1464 2640 —
1487 2615 1558 2652 881
1577 2626 1635 2661 ες
1656 2616 1814 2654 consim.

329 2668 406 2701 rat.
434 2675 609 2711 accensa,
635 2663 720 2702 cioe
746 2675 892 2702 ancora
927 2675 1046 2701 senza
1078 2666 1212 2701 toccar
1243 2663 1426 2718 l’acqua;
1451 2675 1515 2700 ma
1545 2663 1630 2710 poi,
1650 2662 1818 2709 bisogna

328 2711 407 2749 ben
432 2694 660 2750 intendeie:
685 2724 814 2750 messa
838 2723 979 2766 accesa
1003 2710 1240 2756 sull‘acqua‚
1262 2710 1451 2749 continua
1471 2709 1523 2747 ad
1547 2709 1689 2748 ardere
1714 2710 1819 2755 (con-

330 2759 456 2803 lucet).
482 2759 530 2796 In
560 2759 691 2807 questi
716 2759 793 2798 duc
824 2759 929 2797 versi
962 2770 982 2798 c
985 2757 1023 2797 ’ὸ
1058 2757 1163 2797 della
1202 2757 1358 2798 brevita
1393 2757 1612 2807 affrettata
1644 2757 1678 2798 Ε
1713 2759 1817 2798 tutto
