1872 3002
357 168 414 213 34
770 169 855 215 DE
887 169 1118 215 RERUM
1150 167 1451 215 NATURA.

386 276 471 313 nec
502 261 652 319 magis
683 261 771 308 hac
801 262 923 308 infra
955 261 1203 321 quiequam
1235 266 1302 308 est
1333 261 1382 308 in
1415 276 1601 320 corpore
1632 265 1802 319 nostro,

286 344 357 382 275
387 329 525 384 atque
556 324 714 372 anima
747 330 814 373 est
846 326 1028 373 animae
1059 342 1279 385 proporro
1310 325 1452 374 totius
1483 325 1597 385 ipsa.

389 390 511 448 quod
540 406 686 448 genus
718 390 766 437 in
798 391 967 438 nostris
1000 392 1216 438 membris
1249 395 1293 437 ei:
1325 406 1512 450 corpore
1545 394 1642 437 toto

387 453 536 501 mixta
566 454 716 502 latens
748 455 892 501 animi
924 456 996 503 vis
1028 461 1096 502 est
1128 455 1399 514 animaeque
1433 459 1646 514 potestas,

389 519 655 578 corporibus
686 519 795 579 quia
827 519 881 566 de
915 521 1069 579 parvis
1096 520 1342 579 paucisque
1374 524 1587 576 creatast,

388 582 455 629 sic
484 583 570 630 tibi
601 583 800 630 nominis
831 582 944 630 haec
975 600 1136 642 expers
1168 583 1251 641 vis,
1286 584 1409 631 facta
1441 584 1632 632 minutis

286 666 358 704 280
389 648 668 707 corporibus,
700 648 813 695 latet
845 653 982 707 atque
1015 649 1196 696 animae
1228 649 1361 708 quasi
1392 649 1532 696 totius
1563 650 1663 708 ipsa

390 717 652 772 proporrost
683 713 841 760 anima
873 719 916 760 et
949 714 1214 761 dominatur
1246 730 1432 773 corpore
1463 717 1572 761 toto.

389 777 617 825 consimili
647 778 826 826 ratione
858 785 1082 826 necessest
1114 783 1278 827 ventus
1311 785 1357 826 et
1389 784 1467 825 a‘er

359 995 431 1032 che
444 993 465 1032 ὲ·
481 993 621 1031 inutile
635 1007 706 1039 per
729 994 824 1032 odor
838 1005 858 1031 e
872 1006 992 1040 sapor
1006 1006 1026 1031 e
1041 993 1210 1031 sarebbe
1236 994 1376 1032 inutile
1403 1007 1473 1040 per
1498 995 1615 1042 color,
1635 996 1688 1033 116
1708 995 1849 1036 invece

357 1054 437 1080 uno
470 1042 616 1087 special
642 1042 778 1079 valore
805 1053 875 1086 per
901 1042 1021 1079 calor.
1044 1043 1098 1079 Le
1125 1054 1214 1079 cose
1240 1042 1311 1079 6116
1338 1043 1522 1081 abbiamo
1545 1042 1742 1082 d’attorno
1768 1057 1848 1082 non

357 1089 510 1135 soglion
529 1088 784 1134 distinguersi
801 1089 888 1134 (per
907 1089 987 1133 noi)
1013 1101 1083 1133 per
1101 1088 1257 1127 diverso
1275 1089 1398 1135 grado
1416 1089 1456 1128 di
1473 1091 1616 1136 calore,
1636 1091 1748 1129 salvo
1767 1092 1850 1130 casi

358 1137 608 1182 eccezionali,
634 1150 654 1175 e
680 1137 791 1174 salvo
818 1136 889 1173 che
916 1136 952 1173 le
979 1136 1193 1174 scaldiamo
1214 1149 1237 1174 o
1258 1137 1538 1176 raffreddiamo
1564 1141 1743 1184 apposta.
1769 1139 1849 1178 Per

358 1184 417 1222 cio
443 1188 620 1230 appunto
648 1184 682 1222 ci
708 1185 750 1222 fa
771 1196 851 1221 una
869 1186 979 1221 certa
996 1184 1253 1229 impressione
1276 1185 1303 1222 il
1324 1186 1456 1223 calore
1478 1186 1577 1223 d'un
1599 1187 1760 1232 viscere,
1781 1200 1848 1233 ap-

357 1244 462 1277 pena
491 1234 670 1269 estratto.
697 1232 799 1269 Ecco
825 1231 852 1268 il
879 1231 1052 1278 quidam,
1089 1231 1104 1247 “
1126 1231 1219 1276 quel
1245 1233 1327 1270 loro
1354 1233 1571 1278 particolar
1595 1234 1728 1272 calore
1746 1260 1788 1278 „.
1814 1235 1848 1272 Ε

358 1282 454 1317 nota
470 1280 596 1316 anche
614 1279 835 1325 l'aggiunta
853 1291 899 1316 επ
925 1279 987 1316 his
1011 1279 1191 1317 omnibus
1216 1285 1271 1317 est
1296 1292 1416 1318 unam
1434 1280 1652 1328 perfectum
1669 1285 1848 1329 emporis

359 1339 535 1372 attamen,
557 1327 628 1364 che
651 1340 720 1372 per
746 1327 771 1364 11
799 1326 931 1364 colore
957 1338 1036 1364 non
1062 1339 1124 1372 va,
1151 1339 1172 1364 e
1198 1340 1249 1364 va
1275 1340 1346 1372 per
1370 1328 1398 1364 il
1424 1329 1576 1375 calore3
1603 1329 1673 1367 cfr.
1699 1329 1741 1367 ΙΙ
1766 1331 1848 1376 670,

359 1374 459 1412 dove
477 1387 565 1412 ossa
583 1387 701 1413 cruor
717 1386 835 1412 venae
861 1374 969 1411 calo
981 1386 1003 1410 ν
1028 1387 1142 1412 amor
1166 1376 1317 1412 viscera
1333 1378 1448 1413 nervi
1467 1389 1587 1414 unam
1606 1379 1849 1415 animantem

359 1424 612 1460 constituunt.
711 1442 753 1447 —
780 1420 864 1458 274.
891 1421 1007 1467 infra
1033 1422 1091 1459 eoi
1132 1434 1220 1459 mss.
1247 1422 1433 1465 leidensi;
1466 1426 1578 1461 intra
1611 1424 1666 1470 gli
1694 1425 1795 1472 itali,
1823 1437 1848 1462 6

358 1473 463 1507 torto
489 1469 615 1507 difeso
645 1469 711 1506 dal
737 1469 879 1507 Christ.
908 1473 963 1506 est
987 1468 1119 1518 infra,
1143 1469 1347 1512 insomma.
1383 1483 1463 1508 non
1499 1470 1520 1509 ὲ
1547 1471 1619 1510 6116
1657 1484 1711 1509 un
1745 1473 1847 1510 altro

359 1517 464 1560 latet,
482 1518 624 1563 subest,
641 1517 711 1554 cfr.
729 1516 846 1556 infra
867 1528 1006 1554 sensas
1023 1529 1044 1553 e
1062 1516 1152 1555 vedi
1175 1517 1251 1555 vol.
1269 1518 1288 1554 Ι
1309 1519 1386 1555 192.
1408 1519 1441 1555 ΙΙ
1462 1519 1637 1564 Brieger,
1654 1519 1760 1557 nella
1775 1532 1847 1557 sua

358 1564 549 1610 edizione,
567 1565 620 1602 ha
638 1564 766 1612 infra,
785 1564 958 1601 sebbene
980 1564 1161 1602 esitante.
1240 1586 1271 1589 -
1299 1566 1382 1604 275.
1397 1579 1600 1612 proporro,
1622 1567 1749 1605 anche
1765 1567 1847 1604 281.

357 1607 390 1655 Ε
417 1630 526 1655 come
552 1630 627 1655 un:
664 1617 681 1634 “
700 1617 769 1663 piu
795 1617 835 1654 in
861 1616 901 1654 la
927 1618 1073 1655 ancora
1091 1632 1129 1661 ‚‚;
1155 1616 1226 1655 che
1261 1617 1361 1663 dopo
1397 1622 1555 1657 trovata
1589 1620 1757 1658 l’anima
1783 1620 1847 1659 del

358 1677 488 1710 corpo,
502 1665 534 1702 si
548 1677 598 1702 va
612 1665 653 1702 in
667 1668 775 1702 certo
791 1664 904 1702 modo
918 1678 941 1701 a
956 1677 1091 1702 cerear
1109 1665 1267 1702 l’anima
1282 1666 1518 1704 dell'anima.
1535 1667 1638 1705 Vedi-
1650 1668 1808 1706 intorno
1822 1681 1847 1706 a

352 1716 546 1759 proporro
562 1713 755 1750 l'articolo
774 1712 812 1749 di
830 1712 941 1750 Pone
962 1712 1001 1749 in
1023 1712 1164 1750 Jahrb.
1185 1715 1287 1756 1886,
1306 1727 1340 1758 p.
1361 1716 1440 1752 756.
1513 1734 1561 1740 —
1577 1715 1748 1753 276-281.
1767 1716 1846 1754 Ρ61·

356 1760 396 1797 16
422 1760 575 1805 precisa
600 1760 859 1805 intelligenza
880 1759 918 1796 di
941 1760 1070 1805 questi
1090 1762 1208 1805 versi,
1234 1761 1323 1798 vedi
1342 1762 1417 1800 vol.
1436 1762 1458 1799 I
1477 1775 1512 1807 p.
1533 1764 1612 1801 191.
1631 1764 1845 1809 Aggiunge

358 1808 487 1853 questi
514 1808 618 1845 versi
643 1820 712 1853 per
738 1807 960 1845 rincalzare
982 1820 1003 1844 e
1025 1808 1184 1852 spiegar
1211 1809 1354 1853 meglio
1380 1809 1407 1846 il
1434 1822 1469 1847 v.
1496 1810 1747 1856 precedente,
1773 1811 1845 1849 che

356 1855 397 1892 16
413 1857 468 1892 4.“
484 1867 646 1893 essenza
663 1854 684 1892 ὸ
700 1855 861 1893 l'anima
879 1854 1121 1900 dell’anima;
1141 1868 1185 1892 or
1202 1868 1310 1894 come
1325 1858 1488 1901 spiega?
1502 1857 1685 1896 dicendo:
1705 1858 1720 1874 ¹‘
1737 1870 1845 1895 come

357 1902 517 1940 l'anima
543 1901 564 1940 ὲ
583 1902 737 1940 'diffusa
763 1915 835 1948 per
860 1906 965 1940 tutto
986 1902 1014 1939 il
1037 1915 1166 1948 corpo.
1188 1903 1304 1947 cosi„
1326 1923 1372 1929 -—-
1399 1916 1475 1942 non
1501 1905 1580 1950 pub
1606 1906 1847 1943 necessaria-

357 1954 490 1987 mente
516 1950 587 1988 che
618 1950 852 1989 continuare
879 1971 922 1976 —
949 1951 964 1966 “
985 1951 1024 1987 la
1049 1952 1102 1987 4st
1128 1963 1291 1988 essenza
1314 1950 1335 1988 ὸ
1362 1951 1507 1990 diffusa
1531 1965 1604 1998 per
1629 1955 1736 1991 tutta
1763 1953 1788 1989 1’
1803 1966 1843 1990 a-

358 1998 465 2035 nima
483 2011 524 2044 „3
551 2011 572 2035 e
598 1999 829 2036 dominatur
854 2011 954 2045 corp.
979 2002 1067 2043 toto,
1087 1999 1168 2037 281,
1196 2010 1274 2036 11011
1301 1998 1380 2044 pub
1406 1999 1467 2037 dir
1493 2000 1565 2038 6116
1590 2000 1629 2038 10
1655 2005 1780 2038 stesso
1802 2000 1842 2038 di

358 2057 517 2092 corpore
535 2049 611 2083 toto
635 2047 761 2083 mioeta
784 2046 934 2091 latens,·
959 2057 979 2083 e
1002 2057 1110 2082 come
1137 2045 1296 2083 l’anima
1323 2047 1418 2084 latet
1441 2046 1588 2093 perche
1615 2048 1845 2095 corporibus

354 2094 493 2139 parvis
507 2095 722 2139 paucisque
748 2098 892 2134 creata.
920 2093 1000 2131 cosi
1025 2094 1064 2130 la
1089 2095 1143 2130 4Αι
1168 2106 1330 2131 essenza
1346 2094 1441 2131 latet
1465 2095 1610 2140 perche
1635 2095 1748 2142 facta
1772 2098 1845 2133 mi-

359 2142 470 2178 nutis
495 2140 734 2186 corporibus.
761 2141 839 2178 Per
866 2142 1071 2179 dominari
1093 2153 1128 2178 v.
1148 2141 1224 2178 vol.
1251 2142 1270 2178 I
1296 2154 1333 2186 p.
1360 2142 1439 2179 202.
1540 2162 1577 2167 -
1607 2142 1689 2178 277.
1712 2146 1844 2190 pauci,

357 2200 436 2225 non
459 2188 476 2206 ‘⁴
495 2188 648 2233 pochi„
662 2217 671 2231 ,
692 2200 755 2225 ma
784 2188 799 2204 “
823 2189 904 2225 rari
925 2199 961 2234 ,,;
986 2188 1055 2225 cfr.
1079 2200 1103 2225 a
1125 2188 1164 2225 ΙΙ
1186 2190 1265 2226 105.
1313 2207 1317 2211 ·
1362 2209 1408 2214 —-
1428 2188 1511 2227 280.
1531 2190 1590 2227 La
1606 2190 1842 2236 ripetizione

357 2247 438 2273 non
453 2233 474 2272 ὸ
496 2238 644 2280 strana,
663 2247 772 2273 come
794 2248 889 2281 pare
911 2235 1106 2273 all’amico
1129 2235 1251 2273 citato
1273 2235 1338 2273 dal
1351 2236 1506 2281 Munro,
1528 2250 1548 2275 e
1569 2250 1646 2275 non
1664 2237 1685 2275 ὸ
1707 2240 1843 2276 strano

358 2283 431 2320 che
452 2282 492 2319 la
509 2283 679 2319 secondo.
696 2284 805 2320 volta
823 2284 940 2321 Lucr.
959 2284 1112 2321 attenui
1135 2295 1208 2321 con
1229 2296 1281 2321 un
1300 2286 1426 2330 quasi.
1447 2284 1581 2322 Prima
1598 2285 1651 2323 ha
1672 2285 1803 2323 detto:
1821 2284 1842 2322 ὲ

357 2330 518 2367 l'anima
544 2329 793 2374 dell’anima:
815 2331 880 2375 poi
906 2330 1145 2375 ripigliando
1170 2331 1210 2368 la
1236 2330 1366 2368 ardita
1400 2333 1666 2377 espressione:
1697 2333 1730 2370 si
1761 2332 1840 2377 pub

356 2377 515 2423 proprio
537 2377 621 2414 dire
639 2378 711 2415 che
730 2377 750 2415 ὲ
772 2378 931 2415 1’61111116
950 2377 1187 2416 dell’anima.
1214 2377 1295 2416 Che
1317 2381 1436 2424 qnasi
1452 2395 1494 2409 =
1515 2384 1556 2417 ut
1581 2381 1661 2424 (ita
1678 2379 1840 2426 dicam).

450 2430 613 2466 282-287
645 2442 667 2467 6
701 2431 772 2466 288
808 2444 892 2476 sgg.
929 2431 1140 2469 Consimili
1169 2434 1324 2469 ratione
1356 2437 1552 2470 necessest.
1584 2432 1668 2471 Con
1701 2435 1840 2479 queste

357 2477 494 2523 parole
511 2482 700 2515 necessest
720 2478 792 2516 che
813 2491 944 2523 venga
962 2491 985 2515 a
1004 2478 1100 2523 dire,
1122 2478 1224 2516 delle
1245 2483 1305 2516 tre
1333 2491 1493 2517 essenze
1514 2481 1728 2527 nominate,
1754 2492 1841 2526 pre-

358 2526 573 2563 cisamente
599 2524 659 2563 6ἰὸ
697 2526 769 2563 6116
803 2526 855 2563 116
881 2538 951 2564 ora
978 2525 1086 2563 detto
1113 2526 1474 2571 dell'innominata‚
1500 2527 1584 2566 6106
1611 2528 1684 2566 6116
1715 2527 1841 2566 anche

358 2573 545 2611 ciascuna
571 2572 610 2610 di
636 2584 722 2610 esse
747 2575 873 2611 mixta
900 2574 994 2611 latet
1018 2576 1185 2612 minatis
1210 2574 1437 2621 corporibus
1449 2589 1465 2621 ‚·
1489 2587 1510 2612 e
1537 2575 1676 2621 quindi
1709 2575 1836 2614 subsit

356 2622 428 2659 284
449 2633 526 2658 non
551 2619 630 2665 pub
653 2632 759 2658 esser
781 2620 949 2665 diverso,
970 2619 1020 2658 ne
1041 2634 1111 2666 per
1133 2621 1290 2659 diversa
1310 2622 1485 2667 ragione,
1507 2622 1545 2660 di
1565 2623 1696 2661 subest
1714 2624 1796 2665 273,
1818 2635 1839 2660 e

356 2680 408 2705 va
433 2667 570 2713 quindi
596 2668 723 2706 inteso
749 2680 858 2706 come
884 2667 905 2705 e
931 2668 1110 2713 spiegato
1137 2669 1213 2707 vol.
1231 2670 1251 2707 Ι
1277 2683 1313 2714 p.
1337 2670 1427 2707 192:
1461 2670 1545 2708 solo
1570 2670 1644 2708 che
1669 2671 1736 2716 qui
1765 2670 1839 2707 Lu-

357 2716 486 2753 crezio
511 2714 716 2760 parIando,
733 2728 810 2753 non
837 2715 906 2760 piu
931 2715 1050 2752 d’una
1076 2716 1171 2761 sola,
1197 2729 1260 2753 ma
1286 2716 1325 2754 di
1352 2717 1561 2761 parecehie
1587 2729 1760 2763 essenze,
1785 2717 1839 2754 ha

358 2767 479 2800 avuto
506 2763 711 2800 occasione
738 2775 759 2800 e
786 2763 822 2800 di
851 2762 1098 2800 riaffermare
1131 2764 1203 2801 che
1238 2765 1264 2800 il
1294 2765 1377 2802 loro
1403 2768 1790 2810 contemperamento
1816 2763 1837 2802 ὸ
