1872 3002
336 181 419 226 186
744 183 830 229 DE
861 183 1092 233 RERUM
1124 186 1400 237 NATURA

365 275 484 322 unde
519 276 676 323 volans
707 276 832 336 ignis
866 282 1127 336 pervenerit
1160 287 1241 330 aut
1273 284 1322 331 in
1355 289 1507 332 utram
1541 303 1589 334 se

364 340 553 386 verterit
585 340 694 387 hino
725 342 907 399 partim,
943 360 1031 403 quo
1066 351 1197 405 pacto
1230 363 1310 406 per
1341 347 1441 396 loca
1472 354 1602 410 septa

363 404 623 463 insinuarit,
658 411 702 452 et
732 406 840 454 hine
873 408 1136 459 dominatus
1168 417 1220 459 ut
1252 414 1474 461 extulerit
1506 431 1565 462 se.

286 482 331 518 90
363 485 557 528 quorum
590 487 779 530 operum
812 489 974 521 causas
1006 476 1134 523 nulla
1165 478 1343 525 ratione
1375 479 1532 527 videre

364 541 551 594 possunt
584 553 637 583 ac
668 537 766 584 fieri
799 538 957 587 divino
990 542 1176 589 numine
1209 548 1379 590 rentur.

332 751 441 777 casse
469 744 608 785 questo
635 741 700 779 bel
721 754 835 780 verso
862 755 883 780 e
910 742 934 780 1'
950 743 1190 789 importante
1212 748 1410 784 momento
1437 746 1539 784 caeli
1562 747 1705 786 divisis
1723 760 1821 795 par-

333 787 458 834 tibas,·
490 800 510 825 e
536 790 582 825 86
608 801 686 827 non
718 789 797 835 pub
823 803 1021 837 mancare,
1047 804 1087 829 se
1116 805 1138 828 a
1164 793 1329 838 ragione
1361 794 1546 832 abbiamo
1585 799 1819 834 conservato

330 837 435 873 ratio
462 837 564 873 caeli
584 838 751 875 tenenda
778 839 818 874 in
839 840 897 880 83,
918 838 1064 884 perche
1091 852 1168 877 non
1192 841 1360 879 sarebbe
1385 841 1425 878 la
1451 842 1694 887 giustificata
1717 843 1746 881 il
1771 844 1823 882 ri-

330 882 494 921 cordare
515 884 678 922 insieme
697 897 769 922 con
792 886 1013 930 argomenti
1036 887 1086 924 da
1108 890 1277 925 trattare
1304 901 1358 926 un
1380 894 1612 934 argomento
1637 889 1822 937 31011ρὶ0-

330 933 434 974 gato,
457 943 498 968 se
525 932 536 968 i
563 931 639 970 due
666 945 745 971 non
771 946 1028 979 convengono
1055 935 1133 972 allo
1156 947 1273 981 scopo
1299 948 1347 974 ne
1369 938 1546 983 trepides.
1569 938 1720 976 Inoltre
1741 951 1821 977 non

331 978 382 1014 mi
405 991 476 1022 par
502 980 688 1017 naturale
714 981 740 1017 il
766 993 883 1026 passo
909 982 1136 1020 immediato
1164 983 1214 1020 da
1239 984 1285 1021 85
1306 996 1330 1021 a
1355 985 1411 1021 92.
1437 984 1737 1030 Bisognerebbe
1762 987 1820 1024 in-
1868 1010 1872 1029 z

331 1030 443 1064 tanto
462 1026 624 1071 leggere
645 1029 690 1064 83
712 1029 880 1067 secondo
901 1029 929 1067 il
950 1030 1201 1076 Lachmann3
1223 1043 1287 1068 ma
1308 1032 1434 1069 anche
1454 1032 1496 1070 in
1514 1033 1571 1070 tal
1591 1045 1695 1080 caso,
1715 1033 1821 1072 ossia

331 1073 617 1112 considerando
642 1077 748 1113 8384
786 1089 894 1114 come
933 1078 1117 1122 semplice
1156 1079 1440 1117 enunciazione
1466 1079 1573 1126 degli
1597 1081 1820 1126 argomenti

332 1121 382 1158 da
409 1125 590 1168 trattare,
615 1124 784 1161 sarebbe
810 1125 995 1162 naturale
1018 1126 1045 1162 il
1071 1127 1282 1172 passaggio
1307 1140 1331 1164 a
1356 1128 1422 1173 92j
1434 1139 1476 1165 se
1497 1128 1590 1172 quei
1610 1127 1687 1166 due
1713 1128 1850 1167 versi*

331 1168 527 1207 dicessere
554 1172 900 1210 sommariamente
921 1173 960 1210 la
986 1174 1154 1211 materia
1177 1174 1216 1211 di
1243 1177 1346 1212 tutto
1369 1175 1397 1211 il
1417 1175 1477 1212 VI
1497 1175 1598 1214 libro
1624 1176 1733 1221 (nota
1758 1189 1822 1214 sn-

329 1229 485 1262 premae
512 1219 700 1256 ...calcis
724 1219 764 1256 in
783 1221 869 1266 92);
895 1220 1034 1258 inveee
1060 1233 1138 1258 non
1161 1223 1414 1260 annunziano
1435 1223 1507 1261 ohe
1525 1222 1581 1268 gli
1597 1224 1821 1269 argomenti

330 1266 512 1309 prossimi
537 1265 634 1310 (fine
661 1278 685 1303 a
710 1268 804 1310 494).
832 1270 868 1304 A
895 1268 957 1305 chi
981 1269 1047 1313 poi
1073 1269 1189 1306 crede
1215 1269 1456 1307 addirittura
1471 1270 1543 1308 che
1560 1270 1751 1310 Luerezio
1768 1271 1820 1309 ha

330 1312 468 1351 scritto
495 1314 506 1350 i
533 1316 593 1351 tre
620 1315 725 1352 versi
751 1316 863 1353 87-89
890 1316 1150 1360 primamente
1176 1317 1217 1353 in
1244 1318 1411 1363 383-385,
1437 1330 1458 1355 e
1485 1317 1526 1356 di
1539 1317 1586 1357 lav
1597 1318 1710 1357 siano
1725 1320 1821 1357 stati

328 1359 643 1399 indebitamente
670 1362 836 1407 ripetuti
866 1363 945 1408 qui,
972 1375 1133 1402 osservo
1159 1364 1231 1402 che
1258 1364 1297 1402 la
1323 1364 1344 1402 0
1370 1365 1564 1410 aggiunto
1596 1378 1652 1404 un
1677 1369 1820 1412 quarto

328 1419 442 1446 verso
470 1410 550 1454 386,
577 1409 648 1447 che
675 1422 754 1447 non
781 1411 813 1447 si
840 1411 993 1456 capisce
1019 1411 1165 1456 perche
1201 1424 1279 1450 non
1313 1413 1482 1451 sarebbe
1515 1415 1619 1452 stato
1644 1413 1820 1459 ripetuto

329 1456 397 1499 qui
416 1468 502 1494 esso
520 1469 637 1503 pure3
663 1461 817 1496 mentre
835 1459 867 1495 si
886 1460 1040 1504 capisce
1059 1459 1132 1497 che
1150 1460 1308 1505 quando
1327 1460 1530 1508 Lucrezio‚
1547 1461 1676 1499 scritti
1692 1462 1820 1507 prima
1843 1484 1847 1486 -

329 1504 398 1547 qui
425 1504 437 1540 i
465 1509 523 1541 tre
549 1506 666 1550 versi,
693 1506 796 1543 volle
822 1506 1000 1551 ripeterli
1029 1507 1097 1552 piu
1122 1508 1272 1548 avanti,
1299 1508 1420 1545 abbia
1451 1511 1620 1554 pensato
1654 1522 1677 1547 a
1703 1509 1813 1555 quel·

328 1550 548 1595 l’aggiunta
579 1565 599 1590 e
627 1553 776 1590 l’abbia
802 1553 916 1591 satta.
942 1555 1114 1599 Dunque
1142 1567 1219 1592 non
1246 1554 1310 1592 c’e
1330 1555 1549 1593 sufficiente
1567 1555 1731 1602 ragione
1748 1569 1819 1602 per

316 1598 512 1636 vdubitare
532 1599 635 1637 della
654 1601 861 1645 genuinita
879 1601 917 1638 di
944 1603 1064 1639 85-89.
1090 1603 1264 1640 Restano
1282 1605 1385 1640 9091
1405 1603 1466 1640 sui
1484 1604 1594 1648 quali
1614 1616 1685 1642 son
1702 1616 1818 1643 meno

327 1646 456 1683 sieuro
492 1666 537 1672 -—
569 1660 590 1685 e
627 1660 668 1686 se
694 1661 744 1686 ne
777 1649 941 1687 sarebbe
970 1650 1180 1687 benissimo
1214 1662 1344 1688 senza.
1378 1651 1444 1688 Ma
1479 1651 1519 1688 la
1543 1651 1819 1697 impossibilita

326 1693 366 1730 di
392 1695 646 1740 conservarli,
671 1697 830 1740 quando
857 1698 889 1733 si
916 1698 1148 1736 conservino
1174 1699 1297 1742 85-89,
1323 1698 1360 1736 io
1386 1711 1466 1736 non
1489 1699 1529 1736 10
1555 1699 1656 1737 vedo
1681 1705 1818 1745 punto.

326 1741 478 1779 Perche
500 1754 578 1780 non
599 1743 677 1788 pub
693 1744 885 1782 Lucrezio
904 1758 1022 1783 avere.
1044 1746 1198 1783 scritto:
1223 1745 1238 1760 ‘²
1255 1746 1430 1791 Bisogna
1447 1746 1647 1785 ricordare
1668 1746 1706 1784 le
1726 1759 1815 1785 cose
1865 1751 1867 1756 ’

329 1789 437 1827 (10110
463 1790 622 1828 intorno
649 1792 688 1828 al
714 1792 824 1837 cielo‚
852 1804 873 1830 e
894 1793 1038 1830 inoltre
1065 1793 1270 1830 intendere
1296 1793 1333 1830 10
1355 1806 1473 1832 cause
1496 1794 1599 1832 delle
1620 1797 1815 1849 tempesto

327 1849 346 1873 0
375 1837 437 1874 dei
463 1838 632 1884 fulmini,
658 1851 729 1884 per
755 1852 832 1877 non
860 1843 944 1877 star
969 1840 1187 1885 trepidanti
1209 1853 1233 1878 a
1260 1853 1442 1879 osservar
1468 1842 1532 1880 001
1559 1841 1670 1886 01010,
1691 1843 1816 1880 diwso

326 1885 674 1924 arbitrariamente
700 1887 741 1924 in
766 1887 931 1933 regioni,
951 1888 1002 1925 da
1023 1889 1094 1926 che
1121 1891 1235 1933 parte
1261 1901 1314 1926 un
1336 1888 1503 1926 fulmine
1528 1889 1656 1933 viene,
1673 1901 1695 1928 e
1716 1888 1816 1928 dove

326 1945 388 1978 va,
408 1945 428 1970 e
445 1933 484 1969 in
505 1934 576 1971 che
595 1934 710 1972 modo
725 1938 892 1979 penetra
907 1936 946 1972 in
965 1949 1019 1973 un
1038 1935 1204 1982 edifizi0‚
1223 1948 1244 1973 e
1263 1936 1364 1981 dopo
1379 1937 1563 1975 esservisi
1582 1937 1813 1975 sbizzarrito

325 1992 434 2018 come
460 1993 510 2018 ne
538 1994 645 2021 esce:
673 1981 693 2020 ὲ·
721 1983 973 2027 l’ignoranza
991 1984 1094 2021 delle
1108 1996 1239 2031 *cause
1266 1983 1305 2020 di
1332 1987 1471 2029 queste
1497 1996 1585 2022 cose
1607 1984 1680 2022 0110
1711 1983 1815 2039 lest-'a

325 2027 486 2066 credere
502 2029 628 2067 effetti
648 2030 711 2067 del
726 2030 858 2068 divino
877 2031 1021 2068 volere.
1039 2037 1080 2074 „?
1098 2032 1130 2068 E
1150 2031 1310 2076 dunque
1328 2032 1485 2077 miglior
1499 2032 1657 2070 caute-la
1671 2031 1815 2070 laselar

324 2077 450 2113 anche
477 2078 594 2114 9091.
692 2097 738 2103 ——
754 2078 810 2113 88.
831 2081 979 2124 partim
1001 2079 1071 2117 cfr.
1090 2082 1204 2125 parti
1223 2080 1253 2124 Ι,
1277 2080 1380 2116 1103.
1479 2098 1520 2105 --
1545 2079 1592 2134 8⁸8
1613 2092 1670 2125 sg.
1691 2079 1811 2118 Come

324 2124 355 2160 si
379 2124 491 2170 vede,
517 2130 790 2170 apparteneva
816 2127 895 2164 alla
922 2126 1098 2164 (10111100
1125 2127 1326 2171 fulgurale
1351 2139 1430 2165 non
1455 2126 1539 2165 solo
1566 2127 1593 2164 11
1619 2130 1815 2172 contegno

325 2171 387 2208 dei
410 2171 567 2209 fulmini
593 2173 632 2209 in
660 2174 771 2219 01010,
799 2187 860 2211 ma
887 2175 1013 2212 anche
1037 2175 1212 2212 interra.
1241 2174 1293 2212 Et
1314 2174 1417 2221 hinc,
1446 2177 1520 2212 etc.
1550 2173 1565 2190 ‘⁶
1590 2187 1611 2212 e
1633 2187 1742 2230 come
1764 2186 1813 2212 ne

325 2219 382 2256 sia
412 2220 539 2257 uscito
573 2220 674 2266 dopo
710 2234 831 2259 avere
866 2222 1202 2267 spadroneggiato
1229 2221 1369 2259 dcntro
1391 2251 1420 2265 „.
1459 2222 1492 2259 Ε
1518 2233 1627 2260 come
1654 2234 1726 2267 qui·
1747 2223 1812 2260 do-

323 2268 510 2311 minatus,
539 2269 619 2305 cosi
646 2269 744 2315 dice,
771 2282 869 2313 pure
902 2269 963 2307 dei
1003 2269 1171 2315 fulmini,
1197 2270 1267 2306 224
1306 2273 1340 2306 et
1365 2270 1484 2307 celeri
1505 2269 1666 2316 flamma
1692 2270 1814 2308 domi·
1868 2280 1872 2323 J

323 2319 474 2352 uantur
500 2318 543 2352 in
570 2317 734 2354 aedibus
759 2319 868 2363 ipsis.
895 2317 1188 2362 L’espressione
1215 2317 1267 2353 ha
1287 2316 1399 2355 dello
1425 2321 1579 2363 strano3
1606 2329 1628 2355 0
1653 2316 1811 2355 l’essere

323 2367 438 2399 usata
478 2363 554 2400 due
581 2364 700 2410 volte,
736 2377 757 2402 0
783 2365 825 2401 in
863 2365 1062 2403 relazione
1099 2367 1242 2407 sti-etta
1274 2364 1376 2402 colla
1406 2365 1564 2419 seienza
1596 2364 1810 2420 fulgurale,

323 2409 400 2454 pub
427 2410 489 2447 far
521 2423 684 2449 nascere
716 2413 743 2449 il
769 2416 944 2457 sospetto
971 2413 1042 2450 che
1076 2413 1282 2450 dominari
1305 2413 1363 2449 sia
1390 2414 1558 2450 termine
1591 2414 1810 2467 100010000
1870 2436 1872 2444 =

322 2457 455 2501 quella
490 2458 658 2502 scienza,
691 2472 764 2505 per
798 2460 975 2497 indicare
1014 2463 1192 2504 appunto
1232 2459 1259 2496 il
1296 2459 1511 2504 procedere
1547 2459 1610 2497 del
1642 2459 1809 2497 fulmine
1869 2488 1872 2513 3

322 2509 435 2543 cntro
473 2506 485 2542 i
522 2506 661 2551 luoghi
698 2507 834 2544 chiusi.
872 2508 938 2545 Ma
975 2507 1003 2544 il
1040 2507 1248 2544 confronto
1286 2519 1359 2544 000
1392 2507 1663 2545 dominantior
1691 2507 1761 2544 238
1787 2519 1808 2562 e
1866 2526 1872 2557 g

321 2564 393 2590 con
431 2554 500 2590 642
525 2554 706 2599 flammea
744 2559 948 2602 tempestas
983 2555 1136 2592 Siculos
1162 2555 1365 2592 dominata
1392 2567 1467 2601 per
1500 2566 1618 2600 apros
1655 2566 1677 2592 e
1716 2554 1809 2609 01111
1863 2576 1872 2587 s

319 2600 457 2645 luoghi
483 2601 549 2646 gia
575 2603 678 2647 visti,
705 2606 852 2640 mostra
879 2603 951 2640 che
977 2603 1008 2640 si
1036 2606 1160 2640 tratta
1186 2602 1507 2647 semplicemente
1532 2601 1661 2643 d'una
1687 2606 1809 2647 parti·

319 2648 427 2685 colar
453 2649 636 2694 simpatia
663 2650 734 2688 che
760 2651 951 2688 Luerezio
978 2651 1030 2688 ha
1057 2662 1127 2695 per
1154 2650 1179 2686 11
1207 2650 1329 2687 verbo
1355 2650 1567 2704 dominari,
1604 2649 1808 2695 prevalen-
1867 2659 1872 2700 ἐ

321 2700 493 2733 10100010
521 2697 585 2734 001
612 2710 726 2735 senso
753 2697 792 2735 di
822 2697 837 2714 “
856 2698 1058 2744 invadere,
1092 2710 1299 2743 occupare,
1331 2696 1550 2735 estendersl
1574 2709 1645 2742 per
1665 2726 1705 2743 „,
1737 2709 1809 2733 an-
1849 2702 1872 2749 *ᾖ

319 2741 428 2779 ziche
448 2743 486 2780 di
515 2743 530 2759 “
552 2744 765 2787 dominare,
783 2745 1082 2791 signoreggiare
1102 2773 1137 2790 „.
1165 2757 1273 2783 come
1292 2743 1352 2781 s'e
1371 2743 1437 2789 gia
1455 2744 1652 2782 avvertito
1669 2744 1807 2782 11958.
1840 2752 1872 2799 33

318 2789 397 2827 Gfr.
417 2790 538 2836 Verg.
559 2805 643 2830 aen.
662 2793 703 2830 ΙΙ
721 2794 788 2830 327
808 2796 969 2831 incensa
989 2794 1130 2830 Danai
1145 2793 1404 2830 dominantur
1427 2791 1460 2836 [⁰⁶
1481 2804 1551 2830 son
1574 2804 1644 2836 per
1665 2793 1770 2829 tutto
1785 2817 1804 2836 ,‚
1845 2800 1872 2864 Ξ

1848 2866 1872 3002 1
