1872 3002
352 145 438 197 248
763 144 849 198 DE
880 142 1113 198 RERUM
1144 144 1422 200 NATURA

381 246 456 292 hic
487 247 566 293 ubi
599 245 825 305 percaluit
858 246 1156 307 calefecitque
1188 247 1342 295 omnia
1373 248 1548 296 circum
1630 295 1632 298 ,

380 327 494 358 saxa
525 312 693 368 furem,
729 328 820 371 qua
853 312 1095 372 contingit,
1129 317 1403 373 terramque,
1435 318 1481 361 et
1511 315 1569 362 ab
1601 314 1704 369 ollis

381 377 583 424 excussit
615 377 814 424 calidum
847 377 1045 425 flammis
1077 377 1309 426 velocibus
1339 379 1510 437 ignem,

380 441 501 488 tollit
534 458 579 489 se
611 457 665 488 ac
696 442 833 490 rectis
866 442 932 490 ita
963 443 1174 495 faucibus
1205 443 1314 490 eicit
1345 444 1451 491 alte.

281 522 349 557 6390
381 506 470 553 fert
500 507 656 566 itaque
687 508 898 555 ardorem
931 508 1080 567 longe,
1113 508 1338 568 longeque
1369 508 1578 557 favillam

382 571 549 625 differt,
581 577 625 619 et
659 588 813 620 crassa
846 572 991 620 volvit
1023 573 1225 632 caligine
1258 574 1451 630 fumum,

381 637 677 696 extruditque
710 638 846 684 simul
878 637 1088 685 mirando
1120 639 1317 697 pondere
1349 654 1481 697 saxa;

380 709 437 747 ne
469 701 649 750 dubites
681 703 792 762 quin
823 703 938 750 haec
970 704 1144 750 animai
1175 703 1362 751 turbida
1394 704 1455 751 sit
1486 704 1571 752 vis.

381 771 617 824 praeterea
647 783 819 826 magna
850 785 908 814 ex
939 768 1062 828 parti
1095 784 1219 815 mare
1250 768 1418 817 montis
1450 769 1509 816 ad
1540 769 1637 816 eius

279 846 348 881 695
379 831 558 878 radices
590 832 767 891 frangit
798 832 965 880 fluetus
997 837 1264 892 aestumque
1296 834 1514 881 resorbet.

378 912 436 942 eX
467 895 554 943 hoc
584 913 728 956 usque
760 898 878 944 mari
911 897 1154 957 speluncae
1186 899 1354 946 montis
1389 899 1447 946 ad
1480 898 1599 946 altas

378 962 652 1020 perveniunt
683 963 842 1010 subter
874 962 1041 1012 fauces.
1074 963 1161 1011 hac
1192 963 1258 1011 ire
1291 964 1572 1012 fatendumst

348 1186 510 1223 cazione
525 1184 585 1222 de’
600 1185 685 1222 suoi
704 1184 907 1228 elementi)
923 1183 962 1221 di
975 1184 1201 1222 riscaldarsi
1220 1183 1299 1222 fino
1319 1183 1541 1222 all’ardore.
1591 1202 1639 1210 -
1652 1182 1728 1220 686
1749 1195 1835 1229 agg.

350 1233 389 1270 Si
408 1232 614 1270 'confronti
640 1244 712 1270 con
735 1233 866 1277 questi
890 1233 996 1270 versi
1021 1234 1058 1276 (e
1085 1244 1157 1270 con
1185 1234 1254 1269 697
1281 1232 1382 1277 sgg.)
1409 1231 1498 1269 Sen-
1525 1233 1635 1278 epist.
1660 1233 1707 1269 79
1731 1233 1838 1279 iynis

349 1280 591 1325 (dell’Etna)
610 1293 689 1318 non
707 1282 790 1326 ipse
807 1292 854 1317 ex
873 1292 912 1316 se
931 1284 998 1327 est,
1014 1280 1082 1317 sed
1102 1282 1144 1317 in
1165 1280 1303 1326 aliqua
1322 1278 1488 1326 inferna
1508 1279 1610 1317 valle
1630 1283 1835 1326 conceptus

350 1331 564 1374 exaestuat,
590 1332 624 1365 et
650 1328 746 1365 aliis
764 1329 973 1374 pascitur,-
998 1330 1041 1365 in
1076 1329 1162 1374 ipso
1199 1331 1325 1365 monte
1358 1339 1438 1365 non
1464 1326 1695 1364 alimentum
1721 1326 1834 1365 habet
1870 1339 1872 1344 ·

347 1376 416 1412 sed
432 1377 548 1412 viam.
643 1395 690 1400 ——
708 1375 798 1411 689.
817 1377 936 1412 rectis
955 1375 1169 1422 faucibus;
1195 1375 1265 1412 cfr.
1287 1375 1328 1411 ΙῘ
1345 1375 1412 1412 217
1433 1379 1580 1412 rectum
1595 1386 1668 1421 per
1687 1375 1834 1420 inane;
1871 1375 1872 1378 ’

348 1423 407 1459 IV
432 1424 502 1460 548
523 1426 626 1461 recto
653 1424 864 1460 emittimus
891 1435 955 1460 ore
983 1426 1056 1460 etc.
1161 1442 1198 1447 -
1221 1422 1305 1460 692.
1328 1422 1448 1467 Verg.
1479 1420 1617 1468 Georq.
1643 1421 1663 1459 Ι
1687 1423 1758 1460 473
1785 1422 1831 1460 li·
1868 1436 1872 1448 -·

348 1469 606 1517 quefactaque
626 1471 774 1508 volvere
792 1483 904 1507 saxa.
926 1471 960 1507 11
983 1470 1201 1516 liquefacta
1221 1470 1413 1507 Lucrezio
1441 1469 1478 1507 lo
1500 1467 1757 1508 sottintende.
1775 1469 1833 1507 La
1869 1475 1872 1516 j

348 1530 420 1555 sua
453 1517 697 1555 descrizione
739 1517 760 1555 ὸ
786 1518 921 1555 infatti
957 1518 1078 1556 molto
1107 1517 1250 1561 vivida,
1277 1529 1386 1554 come
1412 1516 1497 1555 dice
1536 1517 1564 1554 il
1589 1515 1744 1563 Munro,
1770 1529 1833 1554 ma

348 1577 426 1602 non
452 1564 473 1602 ὸ
499 1566 686 1611 perfetta,
707 1577 729 1603 o
751 1565 907 1603 almeno
926 1565 1139 1610 compiuta.
1160 1565 1250 1602 Non
1277 1565 1308 1602 c’
1322 1563 1344 1602 ὸ
1366 1575 1544 1610 neppure
1565 1576 1620 1602 un
1641 1575 1767 1606 cenno
1793 1564 1832 1602 di

346 1613 612 1658 spiegazione‚
630 1613 719 1650 anzi
741 1625 920 1658 neppure
942 1625 994 1649 un
1019 1624 1155 1657 nenne,
1179 1612 1282 1650 delle
1303 1611 1475 1650 correnti
1496 1611 1535 1649 di
1552 1611 1658 1657 lava,
1677 1613 1850 1650 mentre>
1870 1618 1872 1621 ’

348 1673 422 1705 pur
450 1659 628 1698 descrive
647 1660 723 1697 due
742 1661 849 1698 volte
874 1660 957 1705 (qui
975 1672 996 1697 e
1018 1662 1086 1698 699
1108 1661 1181 1705 sg.)
1200 1659 1425 1698 l'eruzione.
1514 1679 1560 1685 —
1577 1658 1663 1695 693.
1681 1658 1830 1704 Questo
1860 1703 1862 1706 .

347 1719 462 1745 verso
488 1707 686 1745 s’attacca
713 1720 737 1745 a
762 1708 949 1745 mirando
978 1709 1147 1754 pondere
1173 1720 1299 1755 saoea;
1334 1707 1443 1745 fumo
1469 1719 1490 1744 e
1515 1706 1672 1744 flamme
1697 1707 1728 1744 si
1763 1719 1832 1752 po·
1866 1738 1872 1747 2

346 1755 687 1800 trebbe'pensare
723 1755 795 1792 che
822 1767 966 1793 escano
1003 1755 1053 1792 da
1088 1754 1147 1801 se;
1186 1767 1249 1792 ma
1284 1755 1352 1800 qui
1383 1753 1451 1792 c’e
1475 1754 1516 1792 la
1539 1765 1666 1800 prove
1690 1753 1764 1792 che
1790 1754 1831 1799 la
1862 1759 1872 1772 ¹

346 1805 506 1847 potente
526 1803 637 1840 forza
659 1805 862 1840 eruttante
885 1802 905 1840 ὲ
927 1803 966 1840 la
985 1802 1146 1840 turbida
1165 1805 1314 1848 anima,
1335 1802 1363 1839 il
1382 1801 1525 1848 furens
1541 1805 1688 1840 ventus.
1713 1801 1828 1840 L‘au-

346 1854 431 1899 tore
458 1849 686 1887 dell’Aetnu
712 1851 745 1888 si
766 1849 881 1888 crede
908 1851 949 1887 in
975 1850 1135 1895 obbligo
1157 1850 1194 1887 di
1218 1851 1295 1888 ben
1317 1850 1500 1895 spiegare
1521 1851 1662 1897 questo
1684 1851 1828 1893 punto:

345 1899 522 1943 Spiritus
543 1897 661 1943 inflat
686 1900 743 1935 eis
763 1897 990 1942 (incendiis)
1010 1910 1159 1936 momen
1186 1897 1487 1944 lanquentibus;
1505 1909 1630 1935 aurae
1651 1896 1829 1947 Namque
1863 1898 1872 1942 ὲ

346 1957 412 1991 ope
437 1957 684 1992 nequaquam
715 1958 792 1991 par
818 1950 872 1982 est
906 1946 1095 1984 violentia
1131 1946 1339 1992 flammae:
1375 1945 1587 1991 Inyenium
1617 1944 1727 1982 velox
1764 1945 1832 1982 'illi
1855 1948 1872 1995 ὲ

344 1997 543 2039 motusque
574 1995 763 2038 perennis
798 1992 940 2030 Verum
970 2005 1065 2039 opus
1092 1993 1292 2030 auxilium
1330 1997 1385 2030 est
1417 1995 1462 2030 ut
1481 1992 1608 2039 pellat
1642 2003 1829 2039 corpora:
1864 1997 1872 2010 ·“

345 2040 482 2077 nullus
503 2040 677 2086 Impetus
697 2044 753 2077 est
773 2043 862 2086 ipsi,
889 2053 966 2087 qua
992 2042 1162 2087 spiritus
1189 2043 1357 2087 imperat
1383 2040 1520 2077 audet:
1542 2038 1621 2077 Hic
1638 2041 1781 2086 prince
1809 2051 1828 2076 s
1859 2018 1872 2094 ἔ

342 2100 523 2133 maynus‚
550 2100 623 2134 quo
649 2087 719 2125 sub
746 2088 839 2125 duce
874 2089 1021 2126 militat
1055 2090 1171 2133 iqnis.
1274 2108 1318 2112 —
1346 2087 1432 2124 695.
1454 2086 1746 2142 L’agitazioue·
1764 2052 1826 2125 (1ξί
1857 2106 1872 2139 3

343 2147 451 2172 mare
471 2147 550 2172 non
568 2134 589 2172 ὲ
607 2135 690 2172 solo
708 2139 940 2173 ornamento
958 2135 1124 2181 poetico,
1139 2148 1202 2173 ma
1219 2135 1271 2172 ha
1288 2134 1606 2180 probabilmente
1626 2134 1827 2177 relazlone
1861 2149 1872 2167 ει

342 2182 676 2227 eoll'argomento.
706 2182 805 2220 Vedi
833 2183 998 2220 l’ultima
1023 2187 1137 2228 parte
1162 2182 1267 2220 della
1293 2182 1494 2220 citazione·
1513 2181 1552 2219 di
1571 2181 1766 2228 Giustino,
1787 2182 1825 2219 al
1848 2190 1872 2229 f-

344 2242 377 2265 v.
392 2231 459 2267 697
482 2242 538 2274 sg.
557 2229 796 2267 Nell’Aetna
821 2231 891 2268 445
914 2230 935 2267 ὸ
959 2230 1068 2268 detto
1087 2231 1158 2268 che
1180 2230 1306 2267 anche
1328 2230 1352 2266 l’
1367 2230 1471 2267 Etna
1492 2229 1662 2267 sarebbe
1683 2233 1822 2274 spe-nto

343 2276 402 2313 Ni
433 2276 576 2323 furtim
609 2278 813 2322 adamaret
846 2278 977 2315 Siculi
1000 2280 1149 2315 vicinia
1179 2280 1323 2315 montis
1360 2277 1575 2315 Materiam
1607 2277 1856 2323 silvamque&

342 2336 455 2361 suam
493 2337 727 2371 pressuve
765 2326 947 2362 canali
980 2325 1087 2362 Huc
1125 2325 1256 2362 illuc
1283 2328 1462 2370 asseret
1487 2328 1671 2363 ventos
1696 2328 1731 2361 et
1753 2336 1856 2370 pa··

342 2376 462 2409 sceret
482 2375 603 2413 iones.
625 2373 764 2409 Anche
783 2372 1020 2418 nell'Aetna‚
1041 2372 1104 2410 del
1126 2375 1245 2418 resto,
1270 2372 1303 2409 si
1325 2372 1461 2410 insiste
1481 2372 1583 2410 suile
1603 2371 1823 2410 comunica-

341 2419 443 2456 zioni
470 2419 533 2456 del
555 2432 663 2457 mare
690 2418 948 2457 eoll’interne
974 2419 1099 2457 radici
1125 2419 1188 2457 del
1215 2422 1360 2466 monte,
1397 2431 1430 2465 e,
1456 2431 1565 2457 come
1590 2417 1672 2465 qui,
1696 2418 1823 2456 anche

342 2466 450 2510 quali
471 2467 534 2504 vie
561 2466 624 2504 del
652 2471 781 2504 vento.
880 2488 922 2491 —
944 2467 1035 2505 696.
1061 2480 1117 2512 sg.
1145 2467 1325 2504 adultas
1349 2466 1420 2504 sub
1445 2465 1582 2513 fauces
1609 2465 1716 2504 '‘fino
1742 2465 1849 2510 alla„

342 2514 436 2551 base
455 2514 518 2551 del
536 2519 691 2552 cratere
705 2543 734 2557 „.
810 2533 854 2539 »-
870 2515 943 2550 697
962 2527 1019 2560 sg.
1039 2514 1109 2552 Col
1126 2515 1268 2551 Mum-o
1287 2514 1408 2552 lascio
1424 2513 1633 2552 immutato
1652 2513 1680 2551 il
1703 2526 1739 2551 v.
1753 2514 1823 2550 698
1848 2528 1851 2529 ⁷

341 2574 362 2598 e
383 2573 456 2598 con
482 2561 624 2599 Mum-o
647 2574 667 2599 e
694 2562 786 2605 Brg.
810 2564 931 2599 metto
953 2562 1097 2599 lacuna
1117 2565 1180 2599 tra
1198 2563 1266 2599 697
1292 2574 1312 2599 e
1331 2563 1412 2599 698.
1437 2561 1597 2598 Lachm.
1621 2561 1658 2606 (e
1678 2560 1853 2610 Rem),

341 2620 459 2646 senza
485 2609 640 2654 lacuna,
663 2609 874 2647 trasforma
896 2610 976 2647 cosi
997 2611 1086 2647 698:
1113 2614 1148 2647 et
1171 2613 1379 2656 penetrare
1403 2610 1530 2646 maris
1552 2610 1710 2655 penitus
1733 2617 1843 2654 per-t,

340 2660 445 2693 cocta
462 2658 504 2693 in
527 2661 716 2703 apertum.
742 2657 800 2694 La
823 2656 965 2694 lacuna
984 2655 1004 2694 ὲ
1024 2656 1208 2694 evidente
1228 2655 1464 2700 (mancando
1484 2655 1511 2693 il
1530 2668 1641 2702 sugg.
1662 2654 1703 2692 di
1721 2657 1786 2693 ire.
1800 2650 1843 2693 ef

334 2707 576 2749 penetrarem
595 2716 615 2741 e
635 2703 729 2741 data
744 2706 898 2749 questa,
913 2716 1053 2742 manca
1073 2705 1167 2749 ogni
1183 2706 1308 2747 punto
1327 2703 1562 2748 d’appoggio
1579 2714 1650 2748 per
1667 2705 1844 2747 mutares.

338 2751 556 2789 altrimenti
588 2751 614 2788 il
642 2754 766 2790 testo:
804 2751 933 2789 sicche
972 2764 1120 2798 appare
1148 2752 1289 2790 affatto
1322 2751 1536 2789 arbitraria
1570 2749 1611 2788 la
1634 2748 1834 2797 proposta‘.
