1872 3002
310 193 396 240 278
719 194 805 240 DE
835 193 1068 240 RERUM
1098 193 1375 242 NATURA

341 286 562 345 pluribus,
597 291 641 333 et
673 290 836 333 nactae
869 290 971 344 post
1003 290 1110 333 sunt
1141 291 1295 334 tamen
1326 288 1446 335 unde
1479 289 1652 348 puellos

218 353 309 390 1245
340 352 569 410 suscipere
602 357 646 398 et
678 357 814 410 partu
846 355 1029 409 possent
1062 351 1282 399 ditescere
1315 352 1451 400 dulci.

339 422 381 462 ct
415 417 580 475 quibus
613 421 718 463 ante
751 416 876 462 domi
906 415 1126 463 fecundae
1158 432 1291 476 saepe
1322 418 1586 474 nequissent

338 492 502 522 uxores
536 492 706 534 parere,
740 476 974 523 inventast
1006 476 1099 523 illis
1131 492 1309 535 quoque
1341 493 1527 538 compar

337 546 517 598 natura,
551 546 602 587 ut
634 546 817 600 possent
849 541 1004 600 gnatis
1037 541 1216 588 munire
1248 547 1492 590 senectam.

186 651 190 655 .
337 623 479 666 usque
510 606 624 653 adeo
656 607 815 667 magni
846 607 998 663 refert,
1032 611 1083 653 ut
1115 607 1289 654 semina
1321 608 1496 666 possint

213 679 304 716 1250
337 672 585 719 seminibus
619 672 903 719 commisceri
934 671 1204 730 genitaliter
1236 677 1357 731 apta,

335 753 578 796 crassaque
610 737 886 784 conveniant
915 737 1103 796 liquidis
1135 742 1179 783 et
1210 736 1388 797 liquida
1421 738 1601 788 crassis.

336 808 472 862 atque
503 803 552 849 in
584 818 636 849 eo
669 803 810 849 refert
843 818 932 861 quo
964 802 1092 849 victu
1124 802 1222 849 vita
1254 801 1454 850 colatur:

333 884 531 927 namque
562 868 666 915 aliis
697 869 832 914 rebus
866 872 1164 914 concrescunt
1196 868 1371 914 semina
1403 869 1636 930 membris,

334 938 470 992 atque
503 933 605 980 aliis
637 938 948 980 extenvantur
979 933 1227 992 tabentque
1259 934 1476 981 vicissim.

213 1009 302 1046 1255
334 1004 378 1046 et
409 999 574 1057 quibus
606 999 705 1058 ipsa
735 998 883 1046 modis
916 1003 1140 1045 tractetur
1160 998 1343 1046 ‘blanda
1373 999 1599 1060 voluptas,

331 1065 382 1111 id
413 1081 591 1124 quoque
624 1064 864 1123 permagni
896 1063 1058 1110 refert:
1091 1079 1199 1110 nam
1232 1080 1356 1111 more
1387 1065 1591 1114 ferarum

334 1129 771 1189 quadrupedumque
803 1129 954 1187 magis
986 1129 1079 1176 ritu
1111 1128 1380 1188 plerumque
1412 1135 1636 1189 putantur

335 1196 570 1255 concipere
602 1212 783 1254 uxores,
817 1195 926 1254 quia
957 1195 1023 1242 sic
1053 1194 1153 1241 loca
1185 1210 1362 1241 sumere
1395 1201 1598 1255 possunt,

335 1261 593 1320 pectoribus
626 1260 798 1319 positis,
832 1259 1027 1307 sublatis
1060 1259 1235 1306 semina
1266 1259 1449 1308 lumbis.

215 1340 303 1376 1260
334 1343 417 1374 nec
448 1327 606 1374 molles
639 1328 741 1386 opu'
770 1331 876 1374 sunt
909 1330 1058 1373 motus
1090 1325 1312 1373 uxoribus
1344 1326 1504 1374 hilum.

335 1410 442 1439 nam
476 1392 639 1439 mulier
673 1392 881 1452 prohibet
913 1408 959 1439 se
991 1391 1227 1450 concipere
1259 1396 1398 1451 atque
1429 1398 1671 1453 repugnat,

332 1458 544 1505 clunibus
576 1458 676 1517 ipsa
707 1458 797 1505 viri
828 1457 1059 1503 Venerem
1091 1456 1132 1504 si
1163 1456 1287 1503 laeta
1318 1461 1540 1506 retractat

332 1529 469 1579 atiue
501 1528 711 1571 exossato
745 1523 832 1570 ciet
865 1521 988 1568 omni
1022 1525 1202 1581 pectore
1233 1522 1424 1570 fluctus:

332 1589 440 1636 eicit
473 1589 592 1636 enim
628 1588 806 1636 sulcum
837 1592 962 1634 recta
995 1587 1182 1645 regione
1214 1587 1382 1646 viaque

209 1666 299 1702 1265
330 1655 542 1712 vomeris,
577 1659 713 1714 atque
745 1653 857 1701 locis
889 1652 1060 1700 avertit
1092 1651 1278 1699 seminis
1310 1653 1466 1701 ictum.

329 1720 465 1780 idque
497 1736 580 1767 sua
612 1735 750 1766 causa
782 1721 1059 1766 consuerunt
1091 1722 1242 1764 scorta
1273 1718 1464 1778 moveri,

327 1801 384 1832 ne
415 1785 754 1844 complerentur
785 1784 944 1831 crebro
975 1782 1289 1842 gravidaeque
1320 1783 1535 1843 iacerent,

298 2041 424 2067 senso.
523 2050 565 2054 —
592 2027 699 2066 1244.
723 2029 897 2075 p,·uezlos
922 2028 1052 2067 Nonio
1080 2029 1159 2067 cita.
1184 2032 1324 2085 questo
1351 2042 1467 2068 verso
1492 2042 1514 2069 e
1540 2031 1783 2078 14101110,Εο-

298 2077 400 2122 cilio
430 2076 623 2114 Varrone.
722 2097 760 2101 —
800 2075 907 2113 1246.
943 2077 1148 2123 fecundae,
1186 2078 1218 2114 si
1248 2078 1385 2123 spiega
1423 2077 1474 2115 da
1506 2078 1565 2116 cib
1599 2079 1672 2117 (3118
1701 2092 1790 2125 pre-

298 2124 415 2167 (30(18;
445 2124 610 2162 donne
633 2124 704 2161 che
727 2136 799 2161 con
825 2124 918 2161 altri
940 2124 1088 2162 uomini
1116 2136 1237 2162 erano
1256 2130 1374 2172 state,
1393 2138 1416 2163 o
1434 2126 1650 2164 sarebbero
1671 2129 1787 2171 state,

298 2171 499 2218 seconde„
615 2192 654 2196 -—
684 2171 787 2208 1251.
806 2184 1040 2219 crassaque;
1064 2172 1093 2209 il
1119 2184 1306 2210 crassam?
1324 2155 1387 2210 del
1407 2173 1563 2219 Mum-o,
1588 2177 1787 2212 accettato

297 2220 361 2256 dal
395 2219 572 2264 Brieger‚
599 2218 620 2255 ὸ
655 2222 844 2264 proposta
876 2201 1102 2265 seducente,
1128 2219 1274 2264 perche
1305 2220 1345 2257 la
1371 2221 1645 2266 proposizione
1667 2226 1711 2259 ut
1734 2234 1788 2260 se-

297 2269 407 2304 mina
420 2270 579 2313 possent
599 2271 672 2304 etc.
692 2267 804 2311 piace
830 2267 898 2311 piu
919 2279 1028 2304 come
1049 2266 1181 2312 finale
1203 2267 1275 2305 che
1301 2280 1411 2306 come
1437 2271 1541 2306 retta
1569 2268 1620 2307 da
1639 2268 1788 2316 refert;

295 2327 359 2351 ma
384 2327 463 2351 non
489 2327 510 2352 e
537 2314 656 2351 d'una
683 2314 874 2351 evidenza
900 2314 972 2351 che
999 2314 1028 2351 s’
1038 2315 1237 2360 imponga.
1256 2335 1303 2340 —-
1323 2315 1386 2353 Da
1411 2318 1552 2360 questo
1578 2329 1693 2355 verso
1720 2329 1788 2362 ap-

296 2375 391 2407 pare
418 2362 489 2399 che
516 2367 665 2406 quanto
691 2362 760 2406 piu
786 2361 806 2399 8
834 2374 1011 2399 crassum
1036 2362 1063 2398 il
1089 2374 1217 2399 semen
1243 2362 1294 2399 da
1318 2375 1399 2400 una
1427 2367 1553 2407 parte,
1577 2366 1691 2402 tanto
1716 2364 1786 2410 piu

295 2410 414 2455 giova
440 2409 512 2446 che
539 2409 597 2446 sia
625 2410 819 2455 liquidum
845 2409 937 2446 dall’
946 2409 1062 2447 altra.
1161 2429 1203 2434 —
1233 2410 1336 2447 1253.
1363 2416 1613 2449 concrescunt
1634 2427 1677 2441 =
1699 2424 1786 2450 con-

295 2460 465 2495 cretiora
481 2457 593 2510 fiunt.
694 2477 729 2480 —
754 2457 900 2494 membr
903 2459 962 2503 is,·
979 2455 1064 2502 (3118,
1085 2469 1195 2494 come
1215 2469 1233 2494 s
1235 2457 1277 2495 ’ὸ
1296 2457 1410 2501 visto,
1438 2459 1478 2495 in
1499 2462 1604 2496 tutte
1625 2459 1661 2497 le
1679 2459 1787 2505 parti

295 2505 357 2542 dcl
385 2517 502 2549 corpo
524 2503 786 2549 primamente
809 2504 839 2541 si
866 2504 992 2541 forma
1018 2504 1045 2540 il
1068 2516 1204 2542 semen.
1303 2525 1346 2530 —
1374 2505 1477 2541 1255».
1503 2508 1614 2552 ipsa:
1638 2506 1785 2552 perche

295 2556 400 2590 tutto
426 2553 452 2589 11
475 2551 585 2589 detto
606 2551 733 2596 prima
759 2552 791 2588 si
813 2551 990 2589 riferisce
1014 2552 1051 2588 ai
1078 2555 1242 2598 semina,
1267 2552 1403 2597 quindi
1429 2566 1452 2590 a
1478 2553 1698 2591 condizioni
1716 2566 1787 2592 an—

294 2600 430 2638 teriori
469 2600 507 2636 al
544 2603 742 2637 momento
774 2599 879 2636 della
914 2600 1104 2645 voluptas.
1202 2621 1245 2626 —
1271 2600 1376 2636 1258.
1411 2600 1517 2645 loca;
1550 2602 1641 2638 1238
1671 2602 1784 2641 locos.

293 2648 382 2685 Non
408 2648 459 2684 ho
494 2649 652 2684 trovato
685 2647 789 2683 altra
822 2646 1127 2684 testimonianza
1154 2659 1224 2692 per
1250 2652 1392 2692 questa
1418 2629 1613 2686 ored’enza
1634 2648 1707 2687 che
1731 2648 1784 2686 ha

293 2708 346 2732 un
385 2694 538 2732 curioso
575 2706 717 2739 sapore
756 2694 1003 2732 darviniano.
1116 2715 1162 2720 ——
1204 2695 1304 2731 1262.
1334 2695 1451 2733 laeta
1491 2698 1508 2714 “
1530 2707 1604 2734 con
1641 2700 1784 2742 troppa

293 2742 453 2786 gaiezza
475 2771 504 2786 .,.
601 2760 647 2766 —-
675 2741 784 2777 1263.
819 2746 996 2779 exossato
1012 2767 1020 2775 -
1037 2771 1045 2779 .
1061 2771 1069 2779 .
1107 2745 1216 2780 omni
1242 2747 1397 2789 pectore
1425 2743 1442 2758 “
1463 2744 1523 2781 coi
1550 2743 1637 2781 suoi
1663 2743 1786 2781 movi-

294 2790 415 2827 menti
442 2789 661 2834 d'anguilla
681 2819 712 2835 „.
738 2789 818 2827 Cfr.
841 2790 961 2834 Apul.
989 2801 1126 2828 exossa
1163 2791 1336 2828 saltatio.
1453 2810 1499 2817 —
1527 2790 1634 2828 1266.
1660 2791 1705 2829 id
1721 2820 1729 2829 .
1748 2820 1756 2828 .
1776 2820 1784 2828 .
