<?xml version="1.0" encoding="UTF-8"?>
<!DOCTYPE html PUBLIC "-//W3C//DTD XHTML 1.0 Transitional//EN"
    "http://www.w3.org/TR/xhtml1/DTD/xhtml1-transitional.dtd">
<html xmlns="http://www.w3.org/1999/xhtml" xml:lang="en" lang="en">
 <head>
  <title>
</title>
<meta http-equiv="Content-Type" content="text/html;charset=utf-8" />
  <meta name='ocr-system' content='tesseract 3.04.00' />
  <meta name='ocr-capabilities' content='ocr_page ocr_carea ocr_par ocr_line ocrx_word'/>
</head>
<body>
  <div class='ocr_page' id='page_1' title='image "./dererumnaturalib03lucruoft/dererumnaturalib03lucruoft_0502.png"; bbox 0 0 1872 3002; ppageno 0'>
   <div class='ocr_carea' id='block_1_1' title="bbox 349 167 1419 224">
    <p class='ocr_par' dir='ltr' id='par_1_1' title="bbox 349 167 1419 224">
     <span class='ocr_line' id='line_1_1' title="bbox 349 167 1419 224; baseline -0.009 0"><span class='ocrx_word' id='word_1_1' title='bbox 349 178 436 224; x_wconf 76' lang='lat'>194</span> <span class='ocrx_word' id='word_1_2' title='bbox 761 172 847 219; x_wconf 86' lang='lat' dir='ltr'>DE</span> <span class='ocrx_word' id='word_1_3' title='bbox 878 169 1109 218; x_wconf 82' lang='lat' dir='ltr'><strong>RERUM</strong></span> <span class='ocrx_word' id='word_1_4' title='bbox 1140 167 1419 216; x_wconf 86' lang='lat' dir='ltr'><strong>NATURA</strong></span> 
     </span>
    </p>
   </div>
   <div class='ocr_carea' id='block_1_2' title="bbox 377 263 1700 519">
    <p class='ocr_par' dir='ltr' id='par_1_2' title="bbox 377 263 1700 519">
     <span class='ocr_line' id='line_1_2' title="bbox 378 263 1597 328; baseline -0.005 -12"><span class='ocrx_word' id='word_1_5' title='bbox 378 268 577 328; x_wconf 88' lang='lat' dir='ltr'>denique</span> <span class='ocrx_word' id='word_1_6' title='bbox 610 283 744 326; x_wconf 80' lang='lat' dir='ltr'>saepe</span> <span class='ocrx_word' id='word_1_7' title='bbox 776 265 869 324; x_wconf 83' lang='lat' dir='ltr'>geli</span> <span class='ocrx_word' id='word_1_8' title='bbox 900 264 1074 312; x_wconf 87' lang='lat' dir='ltr'>multus</span> <span class='ocrx_word' id='word_1_9' title='bbox 1104 263 1263 322; x_wconf 85' lang='lat' dir='ltr'>fragor</span> <span class='ocrx_word' id='word_1_10' title='bbox 1294 267 1431 323; x_wconf 91' lang='lat' dir='ltr'>atque</span> <span class='ocrx_word' id='word_1_11' title='bbox 1461 263 1597 311; x_wconf 79' lang='lat' dir='ltr'>ruina</span> 
     </span>
     <span class='ocr_line' id='line_1_3' title="bbox 378 328 1648 393; baseline -0.004 -12"><span class='ocrx_word' id='word_1_12' title='bbox 378 333 620 393; x_wconf 84' lang='lat' dir='ltr'>grandinis</span> <span class='ocrx_word' id='word_1_13' title='bbox 653 333 701 379; x_wconf 89' lang='lat' dir='ltr'>in</span> <span class='ocrx_word' id='word_1_14' title='bbox 734 331 919 390; x_wconf 87' lang='lat' dir='ltr'>magnis</span> <span class='ocrx_word' id='word_1_15' title='bbox 951 330 1154 378; x_wconf 87' lang='lat' dir='ltr'>sonitum</span> <span class='ocrx_word' id='word_1_16' title='bbox 1190 329 1270 376; x_wconf 86' lang='lat' dir='ltr'>dat</span> <span class='ocrx_word' id='word_1_17' title='bbox 1300 329 1500 377; x_wconf 81' lang='lat' dir='ltr'>nubibus</span> <span class='ocrx_word' id='word_1_18' title='bbox 1531 328 1648 377; x_wconf 82' lang='lat' dir='ltr'>alte:</span> 
     </span>
     <span class='ocr_line' id='line_1_4' title="bbox 377 394 1700 454; baseline -0.003 -7"><span class='ocrx_word' id='word_1_19' title='bbox 377 405 542 447; x_wconf 83' lang='lat' dir='ltr'>ventus</span> <span class='ocrx_word' id='word_1_20' title='bbox 575 398 697 445; x_wconf 87' lang='lat' dir='ltr'>enim</span> <span class='ocrx_word' id='word_1_21' title='bbox 732 413 834 443; x_wconf 88' lang='lat' dir='ltr'>cum</span> <span class='ocrx_word' id='word_1_22' title='bbox 869 395 1102 454; x_wconf 79' lang='lat' dir='ltr'>confercit,</span> <span class='ocrx_word' id='word_1_23' title='bbox 1135 395 1430 454; x_wconf 77' lang='lat' dir='ltr'>franguntur,</span> <span class='ocrx_word' id='word_1_24' title='bbox 1463 394 1511 442; x_wconf 81' lang='lat' dir='ltr'>in&#39;</span> <span class='ocrx_word' id='word_1_25' title='bbox 1544 398 1700 443; x_wconf 68' lang='lat' dir='ltr'>artum</span> 
     </span>
     <span class='ocr_line' id='line_1_5' title="bbox 378 459 1648 519; baseline -0.005 -6"><span class='ocrx_word' id='word_1_26' title='bbox 378 465 579 513; x_wconf 77' lang='lat' dir='ltr'><strong>concreti</strong></span> <span class='ocrx_word' id='word_1_27' title='bbox 611 467 789 511; x_wconf 87' lang='lat' dir='ltr'>montes</span> <span class='ocrx_word' id='word_1_28' title='bbox 822 461 1083 509; x_wconf 84' lang='lat' dir='ltr'><strong>nimborum</strong></span> <span class='ocrx_word' id='word_1_29' title='bbox 1118 464 1161 508; x_wconf 86' lang='lat' dir='ltr'>et</span> <span class='ocrx_word' id='word_1_30' title='bbox 1193 460 1420 519; x_wconf 82' lang='lat' dir='ltr'>grandine</span> <span class='ocrx_word' id='word_1_31' title='bbox 1453 459 1604 508; x_wconf 80' lang='lat' dir='ltr'>mixti.</span> <span class='ocrx_word' id='word_1_32' title='bbox 1644 482 1648 487; x_wconf 63' lang='lat'>¹</span> 
     </span>
    </p>
   </div>
   <div class='ocr_carea' id='block_1_3' title="bbox 1080 549 1113 579">
    <p class='ocr_par' dir='ltr' id='par_1_3' title="bbox 1080 549 1113 579">
     <span class='ocr_line' id='line_1_6' title="bbox 1080 549 1113 579; baseline 0 0"><span class='ocrx_word' id='word_1_33' title='bbox 1080 549 1113 579; x_wconf 74' lang='lat'>÷÷</span> 
     </span>
    </p>
   </div>
   <div class='ocr_carea' id='block_1_4' title="bbox 279 613 1774 1074">
    <p class='ocr_par' dir='ltr' id='par_1_4' title="bbox 279 613 1774 938">
     <span class='ocr_line' id='line_1_7' title="bbox 279 613 1666 682; baseline -0.005 -14"><span class='ocrx_word' id='word_1_34' title='bbox 279 646 347 682; x_wconf 84' lang='lat'>160</span> <span class='ocrx_word' id='word_1_35' title='bbox 436 619 599 678; x_wconf 79' lang='lat' dir='ltr'>Fulgit</span> <span class='ocrx_word' id='word_1_36' title='bbox 630 619 757 671; x_wconf 88' lang='lat' dir='ltr'>item,</span> <span class='ocrx_word' id='word_1_37' title='bbox 789 618 932 665; x_wconf 85' lang='lat' dir='ltr'>nubes</span> <span class='ocrx_word' id='word_1_38' title='bbox 963 615 1089 674; x_wconf 88' lang='lat' dir='ltr'>ignis</span> <span class='ocrx_word' id='word_1_39' title='bbox 1123 631 1225 662; x_wconf 89' lang='lat' dir='ltr'>cum</span> <span class='ocrx_word' id='word_1_40' title='bbox 1259 614 1436 662; x_wconf 87' lang='lat' dir='ltr'>semina</span> <span class='ocrx_word' id='word_1_41' title='bbox 1468 613 1615 662; x_wconf 88' lang='lat' dir='ltr'>multa</span> <span class='ocrx_word' id='word_1_42' title='bbox 1662 641 1666 644; x_wconf 27' lang='grc' dir='ltr'><strong><em>Δ</em></strong></span> 
     </span>
     <span class='ocr_line' id='line_1_8' title="bbox 377 679 1438 739; baseline -0.008 -5"><span class='ocrx_word' id='word_1_43' title='bbox 377 701 618 738; x_wconf 72' lang='lat' dir='ltr'>excussere</span> <span class='ocrx_word' id='word_1_44' title='bbox 651 699 732 731; x_wconf 89' lang='lat' dir='ltr'>suo</span> <span class='ocrx_word' id='word_1_45' title='bbox 764 687 1018 739; x_wconf 51' lang='lat' dir='ltr'>concursu}</span> <span class='ocrx_word' id='word_1_46' title='bbox 1052 696 1133 728; x_wconf 88' lang='lat' dir='ltr'>ceu</span> <span class='ocrx_word' id='word_1_47' title='bbox 1166 680 1365 739; x_wconf 85' lang='lat' dir='ltr'>lapidem</span> <span class='ocrx_word' id='word_1_48' title='bbox 1398 679 1438 728; x_wconf 87' lang='lat' dir='ltr'>si</span> 
     </span>
     <span class='ocr_line' id='line_1_9' title="bbox 376 745 1774 812; baseline -0.003 -12"><span class='ocrx_word' id='word_1_49' title='bbox 376 751 606 812; x_wconf 86' lang='lat' dir='ltr'>percutiat</span> <span class='ocrx_word' id='word_1_50' title='bbox 637 749 756 808; x_wconf 84' lang='lat' dir='ltr'>lapis</span> <span class='ocrx_word' id='word_1_51' title='bbox 788 753 868 796; x_wconf 87' lang='lat' dir='ltr'>aut</span> <span class='ocrx_word' id='word_1_52' title='bbox 900 748 1101 795; x_wconf 84' lang='lat' dir='ltr'>ferrum:</span> <span class='ocrx_word' id='word_1_53' title='bbox 1134 762 1242 794; x_wconf 86' lang='lat' dir='ltr'>nam</span> <span class='ocrx_word' id='word_1_54' title='bbox 1274 751 1374 793; x_wconf 86' lang='lat' dir='ltr'>tum</span> <span class='ocrx_word' id='word_1_55' title='bbox 1407 762 1586 806; x_wconf 88' lang='lat' dir='ltr'>quoque</span> <span class='ocrx_word' id='word_1_56' title='bbox 1617 745 1774 797; x_wconf 83' lang='lat' dir='ltr'>lumen</span> 
     </span>
     <span class='ocr_line' id='line_1_10' title="bbox 378 811 1416 871; baseline -0.005 -7"><span class='ocrx_word' id='word_1_57' title='bbox 378 817 509 865; x_wconf 84' lang='lat' dir='ltr'>exilit</span> <span class='ocrx_word' id='word_1_58' title='bbox 540 821 584 863; x_wconf 90' lang='lat' dir='ltr'>et</span> <span class='ocrx_word' id='word_1_59' title='bbox 616 815 764 862; x_wconf 82' lang='lat' dir='ltr'>claras</span> <span class='ocrx_word' id='word_1_60' title='bbox 798 812 1023 861; x_wconf 87' lang='lat' dir='ltr'>scintillas</span> <span class='ocrx_word' id='word_1_61' title='bbox 1056 812 1249 871; x_wconf 85' lang='lat' dir='ltr'>dissipat</span> <span class='ocrx_word' id='word_1_62' title='bbox 1280 811 1416 869; x_wconf 88' lang='lat' dir='ltr'>ignis.</span> 
     </span>
     <span class='ocr_line' id='line_1_11' title="bbox 377 876 1574 938; baseline -0.007 -7"><span class='ocrx_word' id='word_1_63' title='bbox 377 884 456 931; x_wconf 88' lang='lat' dir='ltr'>sed</span> <span class='ocrx_word' id='word_1_64' title='bbox 487 882 710 930; x_wconf 74' lang='lat' dir='ltr'>tonitrum</span> <span class='ocrx_word' id='word_1_65' title='bbox 738 880 789 927; x_wconf 86' lang='lat' dir='ltr'>fit</span> <span class='ocrx_word' id='word_1_66' title='bbox 821 880 890 926; x_wconf 89' lang='lat' dir='ltr'>uti</span> <span class='ocrx_word' id='word_1_67' title='bbox 922 884 1024 938; x_wconf 84' lang='lat' dir='ltr'>post</span> <span class='ocrx_word' id='word_1_68' title='bbox 1056 877 1246 925; x_wconf 77' lang='lat' dir='ltr'>auribus</span> <span class='ocrx_word' id='word_1_69' title='bbox 1279 876 1574 936; x_wconf 80' lang='lat' dir='ltr'>accipiamus,</span> 
     </span>
    </p>

    <p class='ocr_par' dir='ltr' id='par_1_5' title="bbox 279 942 1751 1074">
     <span class='ocr_line' id='line_1_12' title="bbox 279 942 1751 1009; baseline -0.004 -12"><span class='ocrx_word' id='word_1_70' title='bbox 279 970 346 1007; x_wconf 80' lang='lat'>165</span> <span class='ocrx_word' id='word_1_71' title='bbox 377 949 554 1009; x_wconf 89' lang='lat' dir='ltr'>fulgere</span> <span class='ocrx_word' id='word_1_72' title='bbox 586 963 725 1007; x_wconf 87' lang='lat' dir='ltr'>quam</span> <span class='ocrx_word' id='word_1_73' title='bbox 760 950 951 993; x_wconf 85' lang='lat' dir='ltr'>cernant</span> <span class='ocrx_word' id='word_1_74' title='bbox 982 944 1116 1002; x_wconf 86' lang='lat' dir='ltr'>oculi,</span> <span class='ocrx_word' id='word_1_75' title='bbox 1151 943 1259 1003; x_wconf 88' lang='lat' dir='ltr'>quia</span> <span class='ocrx_word' id='word_1_76' title='bbox 1292 959 1469 1002; x_wconf 80' lang='lat' dir='ltr'>semper</span> <span class='ocrx_word' id='word_1_77' title='bbox 1502 942 1560 989; x_wconf 85' lang='lat' dir='ltr'>ad</span> <span class='ocrx_word' id='word_1_78' title='bbox 1592 942 1719 991; x_wconf 77' lang='lat' dir='ltr'>auris</span> <span class='ocrx_word' id='word_1_79' title='bbox 1748 993 1751 995; x_wconf 66' lang='grc'><strong><em>,</em></strong></span> 
     </span>
     <span class='ocr_line' id='line_1_13' title="bbox 378 1009 1703 1074; baseline -0.005 -12"><span class='ocrx_word' id='word_1_80' title='bbox 378 1013 556 1062; x_wconf 86' lang='lat' dir='ltr'>tardius</span> <span class='ocrx_word' id='word_1_81' title='bbox 588 1012 843 1060; x_wconf 88' lang='lat' dir='ltr'>adveniunt</span> <span class='ocrx_word' id='word_1_82' title='bbox 877 1026 1014 1070; x_wconf 86' lang='lat' dir='ltr'>quam</span> <span class='ocrx_word' id='word_1_83' title='bbox 1048 1009 1198 1058; x_wconf 79' lang='lat' dir='ltr'>visum</span> <span class='ocrx_word' id='word_1_84' title='bbox 1234 1025 1352 1074; x_wconf 83' lang='lat' dir='ltr'>quae</span> <span class='ocrx_word' id='word_1_85' title='bbox 1371 1013 1586 1057; x_wconf 85' lang='lat' dir='ltr'>moveant</span> <span class='ocrx_word' id='word_1_86' title='bbox 1617 1025 1703 1057; x_wconf 87' lang='lat' dir='ltr'>res.</span> 
     </span>
    </p>
   </div>
   <div class='ocr_carea' id='block_1_5' title="bbox 351 1133 506 1141">
    <p class='ocr_par' dir='ltr' id='par_1_6' title="bbox 351 1133 506 1141">
     <span class='ocr_line' id='line_1_14' title="bbox 351 1133 506 1141; baseline 0 0"><span class='ocrx_word' id='word_1_87' title='bbox 351 1133 506 1141; x_wconf 95' lang='lat' dir='ltr'> </span> 
     </span>
    </p>
   </div>
   <div class='ocr_carea' id='block_1_6' title="bbox 343 1199 1872 2681">
    <p class='ocr_par' dir='ltr' id='par_1_7' title="bbox 345 1199 1872 2302">
     <span class='ocr_line' id='line_1_15' title="bbox 347 1199 1839 1254; baseline -0.004 -9"><span class='ocrx_word' id='word_1_88' title='bbox 347 1207 508 1254; x_wconf 79' lang='lat' dir='ltr'>flamma</span> <span class='ocrx_word' id='word_1_89' title='bbox 533 1207 748 1252; x_wconf 76' lang='lat' dir='ltr'>crepitante</span> <span class='ocrx_word' id='word_1_90' title='bbox 774 1205 955 1242; x_wconf 81' lang='lat' dir='ltr'>cremari.</span> <span class='ocrx_word' id='word_1_91' title='bbox 1055 1222 1094 1227; x_wconf 91' lang='lat'>—</span> <span class='ocrx_word' id='word_1_92' title='bbox 1118 1200 1285 1238; x_wconf 79' lang='lat'>156-159.</span> <span class='ocrx_word' id='word_1_93' title='bbox 1307 1199 1398 1239; x_wconf 85' lang='lat' dir='ltr'>Non</span> <span class='ocrx_word' id='word_1_94' title='bbox 1419 1199 1743 1238; x_wconf 77' lang='lat' dir='ltr'>dimentichiamo</span> <span class='ocrx_word' id='word_1_95' title='bbox 1766 1201 1839 1239; x_wconf 87' lang='lat' dir='ltr'>che</span> 
     </span>
     <span class='ocr_line' id='line_1_16' title="bbox 346 1246 1838 1298; baseline -0.004 -6"><span class='ocrx_word' id='word_1_96' title='bbox 346 1254 455 1292; x_wconf 88' lang='lat' dir='ltr'>nella</span> <span class='ocrx_word' id='word_1_97' title='bbox 480 1253 591 1291; x_wconf 84' lang='lat' dir='ltr'>fisica</span> <span class='ocrx_word' id='word_1_98' title='bbox 616 1253 803 1298; x_wconf 83' lang='lat' dir='ltr'>epicurea</span> <span class='ocrx_word' id='word_1_99' title='bbox 829 1252 857 1289; x_wconf 82' lang='lat' dir='ltr'>il</span> <span class='ocrx_word' id='word_1_100' title='bbox 883 1250 1024 1289; x_wconf 83' lang='lat' dir='ltr'>freddo</span> <span class='ocrx_word' id='word_1_101' title='bbox 1051 1249 1072 1288; x_wconf 81' lang='grc' dir='ltr'>ὸ</span> <span class='ocrx_word' id='word_1_102' title='bbox 1098 1262 1179 1286; x_wconf 80' lang='lat' dir='ltr'>una</span> <span class='ocrx_word' id='word_1_103' title='bbox 1203 1252 1387 1287; x_wconf 78' lang='lat' dir='ltr'>sostanza</span> <span class='ocrx_word' id='word_1_104' title='bbox 1413 1261 1437 1285; x_wconf 84' lang='lat' dir='ltr'>a</span> <span class='ocrx_word' id='word_1_105' title='bbox 1463 1246 1518 1294; x_wconf 68' lang='lat' dir='ltr'>se,</span> <span class='ocrx_word' id='word_1_106' title='bbox 1543 1260 1565 1286; x_wconf 89' lang='lat' dir='ltr'>e</span> <span class='ocrx_word' id='word_1_107' title='bbox 1591 1260 1646 1286; x_wconf 90' lang='lat' dir='ltr'>un</span> <span class='ocrx_word' id='word_1_108' title='bbox 1663 1254 1783 1294; x_wconf 82' lang='lat' dir='ltr'>pezzo</span> <span class='ocrx_word' id='word_1_109' title='bbox 1800 1248 1838 1287; x_wconf 89' lang='lat' dir='ltr'>di</span> 
     </span>
     <span class='ocr_line' id='line_1_17' title="bbox 347 1295 1840 1347; baseline -0.003 -8"><span class='ocrx_word' id='word_1_110' title='bbox 347 1302 527 1347; x_wconf 86' lang='lat' dir='ltr'>ghiaccio</span> <span class='ocrx_word' id='word_1_111' title='bbox 555 1313 633 1338; x_wconf 89' lang='lat' dir='ltr'>non</span> <span class='ocrx_word' id='word_1_112' title='bbox 660 1299 694 1346; x_wconf 78' lang='grc' dir='ltr'>ὲ,</span> <span class='ocrx_word' id='word_1_113' title='bbox 721 1311 829 1338; x_wconf 85' lang='lat' dir='ltr'>come</span> <span class='ocrx_word' id='word_1_114' title='bbox 854 1312 926 1344; x_wconf 84' lang='lat' dir='ltr'>per</span> <span class='ocrx_word' id='word_1_115' title='bbox 952 1299 1029 1341; x_wconf 91' lang='lat' dir='ltr'>noi,</span> <span class='ocrx_word' id='word_1_116' title='bbox 1063 1297 1292 1341; x_wconf 81' lang='lat' dir='ltr'>dell’acqua</span> <span class='ocrx_word' id='word_1_117' title='bbox 1318 1295 1359 1333; x_wconf 90' lang='lat' dir='ltr'>in</span> <span class='ocrx_word' id='word_1_118' title='bbox 1385 1295 1542 1333; x_wconf 84' lang='lat' dir='ltr'>diverso</span> <span class='ocrx_word' id='word_1_119' title='bbox 1567 1299 1686 1342; x_wconf 82' lang='lat' dir='ltr'>stato,</span> <span class='ocrx_word' id='word_1_120' title='bbox 1720 1308 1840 1345; x_wconf 67' lang='lat' dir='ltr'>senza</span> 
     </span>
     <span class='ocr_line' id='line_1_18' title="bbox 349 1341 1840 1391; baseline -0.003 -4"><span class='ocrx_word' id='word_1_121' title='bbox 349 1350 494 1387; x_wconf 85' lang='lat' dir='ltr'>alcuna</span> <span class='ocrx_word' id='word_1_122' title='bbox 521 1348 737 1386; x_wconf 86' lang='lat' dir='ltr'>differenza</span> <span class='ocrx_word' id='word_1_123' title='bbox 764 1346 1015 1391; x_wconf 81' lang='lat' dir='ltr'>sostanziale,</span> <span class='ocrx_word' id='word_1_124' title='bbox 1041 1357 1104 1382; x_wconf 89' lang='lat' dir='ltr'>ma</span> <span class='ocrx_word' id='word_1_125' title='bbox 1131 1344 1152 1382; x_wconf 76' lang='lat' dir='ltr'>e</span> <span class='ocrx_word' id='word_1_126' title='bbox 1171 1343 1394 1389; x_wconf 82' lang='lat' dir='ltr'>dell’acqua</span> <span class='ocrx_word' id='word_1_127' title='bbox 1419 1343 1492 1380; x_wconf 86' lang='lat' dir='ltr'>che</span> <span class='ocrx_word' id='word_1_128' title='bbox 1514 1343 1545 1380; x_wconf 83' lang='lat' dir='ltr'>si</span> <span class='ocrx_word' id='word_1_129' title='bbox 1564 1341 1586 1381; x_wconf 81' lang='grc' dir='ltr'>ὸ</span> <span class='ocrx_word' id='word_1_130' title='bbox 1603 1342 1840 1390; x_wconf 68' lang='lat' dir='ltr'>solidificata</span> 
     </span>
     <span class='ocr_line' id='line_1_19' title="bbox 349 1390 1872 1439; baseline -0.004 -5"><span class='ocrx_word' id='word_1_131' title='bbox 349 1397 397 1434; x_wconf 86' lang='lat' dir='ltr'>ed</span> <span class='ocrx_word' id='word_1_132' title='bbox 423 1397 444 1435; x_wconf 82' lang='grc' dir='ltr'>ὸ</span> <span class='ocrx_word' id='word_1_133' title='bbox 472 1396 679 1434; x_wconf 84' lang='lat' dir='ltr'>diventata</span> <span class='ocrx_word' id='word_1_134' title='bbox 705 1394 958 1432; x_wconf 80' lang='lat' dir='ltr'>freddissima</span> <span class='ocrx_word' id='word_1_135' title='bbox 984 1391 1131 1439; x_wconf 76' lang='lat' dir='ltr'>perche</span> <span class='ocrx_word' id='word_1_136' title='bbox 1159 1392 1193 1429; x_wconf 89' lang='lat' dir='ltr'>ci</span> <span class='ocrx_word' id='word_1_137' title='bbox 1218 1403 1290 1430; x_wconf 85' lang='lat' dir='ltr'>son</span> <span class='ocrx_word' id='word_1_138' title='bbox 1312 1391 1460 1429; x_wconf 78' lang='lat' dir='ltr'>entrati</span> <span class='ocrx_word' id='word_1_139' title='bbox 1485 1391 1524 1428; x_wconf 89' lang='lat' dir='ltr'>in</span> <span class='ocrx_word' id='word_1_140' title='bbox 1544 1390 1696 1436; x_wconf 78' lang='lat' dir='ltr'>grande</span> <span class='ocrx_word' id='word_1_141' title='bbox 1717 1402 1841 1436; x_wconf 80' lang='lat' dir='ltr'>quan·</span> <span class='ocrx_word' id='word_1_142' title='bbox 1869 1399 1872 1402; x_wconf 59' lang='lat'><strong>⁴</strong></span> 
     </span>
     <span class='ocr_line' id='line_1_20' title="bbox 347 1438 1839 1486; baseline -0.004 -4"><span class='ocrx_word' id='word_1_143' title='bbox 347 1444 422 1482; x_wconf 69' lang='lat' dir='ltr'>&#39;rita</span> <span class='ocrx_word' id='word_1_144' title='bbox 449 1444 634 1482; x_wconf 76' lang='lat' dir='ltr'>eiementi</span> <span class='ocrx_word' id='word_1_145' title='bbox 656 1443 760 1480; x_wconf 85' lang='lat' dir='ltr'>della</span> <span class='ocrx_word' id='word_1_146' title='bbox 782 1445 967 1480; x_wconf 79' lang='lat' dir='ltr'>sostanza</span> <span class='ocrx_word' id='word_1_147' title='bbox 993 1439 1144 1478; x_wconf 85' lang='lat' dir='ltr'>freddo.</span> <span class='ocrx_word' id='word_1_148' title='bbox 1171 1439 1262 1486; x_wconf 82' lang='lat' dir='ltr'>Ora,</span> <span class='ocrx_word' id='word_1_149' title='bbox 1281 1438 1454 1483; x_wconf 86' lang='lat' dir='ltr'>dunque,</span> <span class='ocrx_word' id='word_1_150' title='bbox 1479 1438 1656 1476; x_wconf 81' lang='lat' dir='ltr'>nell’alte</span> <span class='ocrx_word' id='word_1_151' title='bbox 1672 1439 1839 1484; x_wconf 84' lang='lat' dir='ltr'>regioni,</span> 
     </span>
     <span class='ocr_line' id='line_1_21' title="bbox 347 1485 1836 1534; baseline -0.005 -4"><span class='ocrx_word' id='word_1_152' title='bbox 347 1492 447 1530; x_wconf 84' lang='lat' dir='ltr'>dove</span> <span class='ocrx_word' id='word_1_153' title='bbox 469 1494 582 1529; x_wconf 81' lang='lat' dir='ltr'>tanto</span> <span class='ocrx_word' id='word_1_154' title='bbox 605 1490 814 1528; x_wconf 84' lang='lat' dir='ltr'>dominano</span> <span class='ocrx_word' id='word_1_155' title='bbox 835 1490 849 1527; x_wconf 90' lang='lat' dir='ltr'>i</span> <span class='ocrx_word' id='word_1_156' title='bbox 869 1489 991 1534; x_wconf 86' lang='lat' dir='ltr'>venti,</span> <span class='ocrx_word' id='word_1_157' title='bbox 1017 1488 1245 1525; x_wconf 81' lang='lat' dir='ltr'>facilmente</span> <span class='ocrx_word' id='word_1_158' title='bbox 1263 1487 1404 1532; x_wconf 84' lang='lat' dir='ltr'>questi,</span> <span class='ocrx_word' id='word_1_159' title='bbox 1423 1485 1668 1531; x_wconf 81' lang='lat' dir='ltr'>penetrando</span> <span class='ocrx_word' id='word_1_160' title='bbox 1685 1485 1726 1524; x_wconf 84' lang='lat' dir='ltr'>in</span> <span class='ocrx_word' id='word_1_161' title='bbox 1740 1487 1836 1524; x_wconf 86' lang='lat' dir='ltr'>nubi</span> 
     </span>
     <span class='ocr_line' id='line_1_22' title="bbox 347 1533 1838 1582; baseline -0.004 -5"><span class='ocrx_word' id='word_1_162' title='bbox 347 1540 419 1577; x_wconf 89' lang='lat' dir='ltr'>che</span> <span class='ocrx_word' id='word_1_163' title='bbox 446 1539 556 1577; x_wconf 84' lang='lat' dir='ltr'>sieno</span> <span class='ocrx_word' id='word_1_164' title='bbox 583 1538 704 1576; x_wconf 81' lang='lat' dir='ltr'>molto</span> <span class='ocrx_word' id='word_1_165' title='bbox 730 1549 880 1582; x_wconf 87' lang='lat' dir='ltr'>pregne</span> <span class='ocrx_word' id='word_1_166' title='bbox 907 1537 945 1574; x_wconf 90' lang='lat' dir='ltr'>di</span> <span class='ocrx_word' id='word_1_167' title='bbox 973 1547 1101 1580; x_wconf 84' lang='lat' dir='ltr'>acqua</span> <span class='ocrx_word' id='word_1_168' title='bbox 1127 1535 1289 1580; x_wconf 80' lang='lat' dir='ltr'>(montes</span> <span class='ocrx_word' id='word_1_169' title='bbox 1309 1534 1558 1579; x_wconf 77' lang='lat' dir='ltr'>nimborum),</span> <span class='ocrx_word' id='word_1_170' title='bbox 1584 1535 1623 1571; x_wconf 85' lang='lat' dir='ltr'>vi</span> <span class='ocrx_word' id='word_1_171' title='bbox 1645 1533 1838 1582; x_wconf 85' lang='lat' dir='ltr'>formano,</span> 
     </span>
     <span class='ocr_line' id='line_1_23' title="bbox 346 1581 1838 1631; baseline -0.003 -7"><span class='ocrx_word' id='word_1_172' title='bbox 346 1587 386 1624; x_wconf 84' lang='lat' dir='ltr'>al</span> <span class='ocrx_word' id='word_1_173' title='bbox 412 1586 521 1624; x_wconf 85' lang='lat' dir='ltr'>detto</span> <span class='ocrx_word' id='word_1_174' title='bbox 548 1585 675 1631; x_wconf 89' lang='lat' dir='ltr'>modo,</span> <span class='ocrx_word' id='word_1_175' title='bbox 701 1585 765 1622; x_wconf 89' lang='lat' dir='ltr'>dei</span> <span class='ocrx_word' id='word_1_176' title='bbox 791 1585 946 1630; x_wconf 85' lang='lat' dir='ltr'>ghiaeci</span> <span class='ocrx_word' id='word_1_177' title='bbox 973 1597 994 1620; x_wconf 88' lang='lat' dir='ltr'>e</span> <span class='ocrx_word' id='word_1_178' title='bbox 1016 1583 1121 1620; x_wconf 85' lang='lat' dir='ltr'>della</span> <span class='ocrx_word' id='word_1_179' title='bbox 1142 1581 1358 1628; x_wconf 80' lang='lat' dir='ltr'>grandine3</span> <span class='ocrx_word' id='word_1_180' title='bbox 1384 1593 1408 1619; x_wconf 84' lang='lat' dir='ltr'>e</span> <span class='ocrx_word' id='word_1_181' title='bbox 1432 1581 1513 1619; x_wconf 75' lang='lat' dir='ltr'>cosi</span> <span class='ocrx_word' id='word_1_182' title='bbox 1534 1581 1546 1618; x_wconf 90' lang='lat' dir='ltr'>i</span> <span class='ocrx_word' id='word_1_183' title='bbox 1567 1585 1716 1620; x_wconf 77' lang='lat' dir='ltr'>montes</span> <span class='ocrx_word' id='word_1_184' title='bbox 1738 1584 1838 1620; x_wconf 84' lang='lat' dir='ltr'>nim-</span> 
     </span>
     <span class='ocr_line' id='line_1_24' title="bbox 349 1629 1837 1676; baseline -0.003 -4"><span class='ocrx_word' id='word_1_185' title='bbox 349 1635 483 1672; x_wconf 79' lang='lat' dir='ltr'>borum</span> <span class='ocrx_word' id='word_1_186' title='bbox 509 1633 725 1671; x_wconf 84' lang='lat' dir='ltr'>diventano</span> <span class='ocrx_word' id='word_1_187' title='bbox 752 1634 924 1670; x_wconf 78' lang='lat' dir='ltr'>concreti</span> <span class='ocrx_word' id='word_1_188' title='bbox 947 1631 1192 1676; x_wconf 75' lang='lat' dir='ltr'>‹ghiaeciati)</span> <span class='ocrx_word' id='word_1_189' title='bbox 1217 1642 1239 1666; x_wconf 88' lang='lat' dir='ltr'>e</span> <span class='ocrx_word' id='word_1_190' title='bbox 1262 1630 1462 1673; x_wconf 64' lang='lat' dir='ltr'>orandine</span> <span class='ocrx_word' id='word_1_191' title='bbox 1485 1630 1625 1675; x_wconf 75' lang='lat' dir='ltr'>mixti;</span> <span class='ocrx_word' id='word_1_192' title='bbox 1650 1641 1672 1667; x_wconf 82' lang='lat' dir='ltr'>e</span> <span class='ocrx_word' id='word_1_193' title='bbox 1702 1641 1745 1667; x_wconf 83' lang='lat' dir='ltr'>se</span> <span class='ocrx_word' id='word_1_194' title='bbox 1770 1629 1837 1668; x_wconf 83' lang='lat' dir='ltr'>dai</span> 
     </span>
     <span class='ocr_line' id='line_1_25' title="bbox 346 1676 1865 1728; baseline -0.005 -8"><span class='ocrx_word' id='word_1_195' title='bbox 346 1683 456 1720; x_wconf 84' lang='lat' dir='ltr'>venti</span> <span class='ocrx_word' id='word_1_196' title='bbox 484 1681 796 1728; x_wconf 63' lang='lat' dir='ltr'>confer-ciuntur,</span> <span class='ocrx_word' id='word_1_197' title='bbox 835 1680 847 1716; x_wconf 92' lang='lat' dir='ltr'>i</span> <span class='ocrx_word' id='word_1_198' title='bbox 875 1680 993 1717; x_wconf 86' lang='lat' dir='ltr'>massi</span> <span class='ocrx_word' id='word_1_199' title='bbox 1031 1678 1070 1715; x_wconf 88' lang='lat' dir='ltr'>di</span> <span class='ocrx_word' id='word_1_200' title='bbox 1096 1677 1275 1723; x_wconf 84' lang='lat' dir='ltr'>ghiaccio</span> <span class='ocrx_word' id='word_1_201' title='bbox 1314 1676 1439 1714; x_wconf 83' lang='lat' dir='ltr'>urtati</span> <span class='ocrx_word' id='word_1_202' title='bbox 1467 1688 1490 1714; x_wconf 86' lang='lat' dir='ltr'>e</span> <span class='ocrx_word' id='word_1_203' title='bbox 1516 1676 1650 1714; x_wconf 79' lang='lat' dir='ltr'>stretti</span> <span class='ocrx_word' id='word_1_204' title='bbox 1686 1676 1742 1722; x_wconf 87' lang='lat' dir='ltr'>gli</span> <span class='ocrx_word' id='word_1_205' title='bbox 1766 1677 1836 1714; x_wconf 90' lang='lat' dir='ltr'>uni</span> <span class='ocrx_word' id='word_1_206' title='bbox 1863 1719 1865 1722; x_wconf 11' lang='grc' dir='ltr'><em>Α</em></span> 
     </span>
     <span class='ocr_line' id='line_1_26' title="bbox 347 1723 1837 1774; baseline -0.003 -8"><span class='ocrx_word' id='word_1_207' title='bbox 347 1734 484 1767; x_wconf 81' lang='lat' dir='ltr'>contro</span> <span class='ocrx_word' id='word_1_208' title='bbox 511 1729 566 1774; x_wconf 83' lang='lat' dir='ltr'>gli</span> <span class='ocrx_word' id='word_1_209' title='bbox 592 1728 685 1766; x_wconf 85' lang='lat' dir='ltr'>altri</span> <span class='ocrx_word' id='word_1_210' title='bbox 710 1728 743 1764; x_wconf 85' lang='lat' dir='ltr'>si</span> <span class='ocrx_word' id='word_1_211' title='bbox 769 1739 959 1772; x_wconf 83' lang='lat' dir='ltr'>rompono</span> <span class='ocrx_word' id='word_1_212' title='bbox 985 1726 1082 1773; x_wconf 72' lang='lat' dir='ltr'>(yeli</span> <span class='ocrx_word' id='word_1_213' title='bbox 1104 1725 1264 1772; x_wconf 72' lang='lat' dir='ltr'>frayor)</span> <span class='ocrx_word' id='word_1_214' title='bbox 1290 1737 1311 1762; x_wconf 89' lang='lat' dir='ltr'>e</span> <span class='ocrx_word' id='word_1_215' title='bbox 1338 1725 1460 1762; x_wconf 85' lang='lat' dir='ltr'>molta</span> <span class='ocrx_word' id='word_1_216' title='bbox 1486 1723 1680 1769; x_wconf 81' lang='lat' dir='ltr'>grandine</span> <span class='ocrx_word' id='word_1_217' title='bbox 1713 1725 1837 1770; x_wconf 84' lang='lat' dir='ltr'>preci-</span> 
     </span>
     <span class='ocr_line' id='line_1_27' title="bbox 346 1771 1836 1823; baseline -0.003 -9"><span class='ocrx_word' id='word_1_218' title='bbox 346 1777 431 1823; x_wconf 79' lang='lat' dir='ltr'>pita</span> <span class='ocrx_word' id='word_1_219' title='bbox 453 1778 588 1822; x_wconf 82' lang='lat' dir='ltr'>(sopra</span> <span class='ocrx_word' id='word_1_220' title='bbox 614 1775 842 1813; x_wconf 82' lang='lat' dir='ltr'>sottostanti</span> <span class='ocrx_word' id='word_1_221' title='bbox 868 1775 981 1817; x_wconf 91' lang='lat' dir='ltr'>nubi)</span> <span class='ocrx_word' id='word_1_222' title='bbox 999 1790 1007 1817; x_wconf 84' lang='lat'>;</span> <span class='ocrx_word' id='word_1_223' title='bbox 1034 1785 1055 1811; x_wconf 88' lang='lat' dir='ltr'>e</span> <span class='ocrx_word' id='word_1_224' title='bbox 1081 1776 1187 1810; x_wconf 83' lang='lat' dir='ltr'>tutto</span> <span class='ocrx_word' id='word_1_225' title='bbox 1209 1771 1268 1810; x_wconf 77' lang='lat' dir='ltr'>cio</span> <span class='ocrx_word' id='word_1_226' title='bbox 1286 1773 1356 1810; x_wconf 85' lang='lat' dir='ltr'>dat</span> <span class='ocrx_word' id='word_1_227' title='bbox 1375 1773 1566 1810; x_wconf 72' lang='lat' dir='ltr'>sonitum.=</span> <span class='ocrx_word' id='word_1_228' title='bbox 1583 1771 1686 1810; x_wconf 82' lang='lat' dir='ltr'>Vedi</span> <span class='ocrx_word' id='word_1_229' title='bbox 1707 1783 1836 1818; x_wconf 80' lang='lat' dir='ltr'>sopra,</span> 
     </span>
     <span class='ocr_line' id='line_1_28' title="bbox 346 1814 1837 1870; baseline -0.005 -8"><span class='ocrx_word' id='word_1_230' title='bbox 346 1824 454 1862; x_wconf 84' lang='lat' dir='ltr'>nella</span> <span class='ocrx_word' id='word_1_231' title='bbox 480 1824 626 1862; x_wconf 77' lang='lat' dir='ltr'>lettera</span> <span class='ocrx_word' id='word_1_232' title='bbox 652 1836 676 1860; x_wconf 83' lang='lat' dir='ltr'>a</span> <span class='ocrx_word' id='word_1_233' title='bbox 697 1823 787 1868; x_wconf 58' lang='lat' dir='ltr'>Pit„</span> <span class='ocrx_word' id='word_1_234' title='bbox 807 1824 868 1858; x_wconf 79' lang='grc' dir='ltr'>καὶ</span> <span class='ocrx_word' id='word_1_235' title='bbox 893 1817 985 1858; x_wconf 75' lang='grc' dir='ltr'>κατὰ</span> <span class='ocrx_word' id='word_1_236' title='bbox 1012 1823 1260 1870; x_wconf 78' lang='grc' dir='ltr'><em>παρατρίψεις</em></span> <span class='ocrx_word' id='word_1_237' title='bbox 1286 1818 1409 1864; x_wconf 80' lang='grc' dir='ltr'><em>νεφῶν</em></span> <span class='ocrx_word' id='word_1_238' title='bbox 1433 1821 1495 1855; x_wconf 81' lang='grc' dir='ltr'>καὶ</span> <span class='ocrx_word' id='word_1_239' title='bbox 1519 1814 1640 1859; x_wconf 71' lang='grc' dir='ltr'><em>τάσεις</em></span> <span class='ocrx_word' id='word_1_240' title='bbox 1657 1821 1704 1863; x_wconf 65' lang='grc' dir='ltr'>(Ρ)</span> <span class='ocrx_word' id='word_1_241' title='bbox 1725 1818 1837 1866; x_wconf 71' lang='grc' dir='ltr'>πῆξιν</span> 
     </span>
     <span class='ocr_line' id='line_1_29' title="bbox 346 1871 1836 1925; baseline -0.001 -12"><span class='ocrx_word' id='word_1_242' title='bbox 346 1872 550 1925; x_wconf 79' lang='grc' dir='ltr'><em>εἰληφότων</em></span> <span class='ocrx_word' id='word_1_243' title='bbox 575 1875 870 1924; x_wconf 74' lang='grc' dir='ltr'><em>κρυσταλλοειδῆ.</em></span> <span class='ocrx_word' id='word_1_244' title='bbox 908 1895 951 1901; x_wconf 92' lang='grc'><strong>-</strong></span> <span class='ocrx_word' id='word_1_245' title='bbox 998 1875 1056 1912; x_wconf 86' lang='lat' dir='ltr'>La</span> <span class='ocrx_word' id='word_1_246' title='bbox 1090 1878 1256 1911; x_wconf 80' lang='lat' dir='ltr'>costruz.</span> <span class='ocrx_word' id='word_1_247' title='bbox 1282 1872 1579 1910; x_wconf 80' lang='lat' dir='ltr'>naturalmente</span> <span class='ocrx_word' id='word_1_248' title='bbox 1612 1871 1657 1911; x_wconf 74' lang='lat' dir='ltr'>e:</span> <span class='ocrx_word' id='word_1_249' title='bbox 1687 1878 1836 1912; x_wconf 76' lang='lat' dir='ltr'>montes</span> 
     </span>
     <span class='ocr_line' id='line_1_30' title="bbox 346 1920 1836 1968; baseline -0.002 -6"><span class='ocrx_word' id='word_1_250' title='bbox 346 1925 569 1963; x_wconf 79' lang='lat' dir='ltr'>nimborum</span> <span class='ocrx_word' id='word_1_251' title='bbox 595 1926 766 1962; x_wconf 84' lang='lat' dir='ltr'>concreti</span> <span class='ocrx_word' id='word_1_252' title='bbox 792 1928 826 1961; x_wconf 90' lang='lat' dir='ltr'>et</span> <span class='ocrx_word' id='word_1_253' title='bbox 849 1923 1049 1968; x_wconf 68' lang='lat' dir='ltr'>yrandme</span> <span class='ocrx_word' id='word_1_254' title='bbox 1075 1924 1194 1959; x_wconf 73' lang='lat' dir='ltr'>mioeti</span> <span class='ocrx_word' id='word_1_255' title='bbox 1217 1920 1469 1967; x_wconf 71' lang='lat' dir='ltr'>franquntnr</span> <span class='ocrx_word' id='word_1_256' title='bbox 1493 1932 1579 1958; x_wconf 81' lang='lat' dir='ltr'>cum</span> <span class='ocrx_word' id='word_1_257' title='bbox 1612 1924 1748 1958; x_wconf 80' lang='lat' dir='ltr'>ventus</span> <span class='ocrx_word' id='word_1_258' title='bbox 1771 1933 1836 1966; x_wconf 39' lang='lat' dir='ltr'>,eos</span> 
     </span>
     <span class='ocr_line' id='line_1_31' title="bbox 347 1968 1834 2018; baseline -0.003 -8"><span class='ocrx_word' id='word_1_259' title='bbox 347 1972 538 2018; x_wconf 77' lang='lat' dir='ltr'>confercit</span> <span class='ocrx_word' id='word_1_260' title='bbox 558 1974 602 2009; x_wconf 90' lang='lat' dir='ltr'>in</span> <span class='ocrx_word' id='word_1_261' title='bbox 625 1976 769 2009; x_wconf 79' lang='lat' dir='ltr'>artum.</span> <span class='ocrx_word' id='word_1_262' title='bbox 795 1970 863 2008; x_wconf 80' lang='lat' dir='ltr'>Col</span> <span class='ocrx_word' id='word_1_263' title='bbox 886 1971 1028 2008; x_wconf 88' lang='lat' dir='ltr'>Munro</span> <span class='ocrx_word' id='word_1_264' title='bbox 1052 1982 1072 2006; x_wconf 87' lang='lat' dir='ltr'>e</span> <span class='ocrx_word' id='word_1_265' title='bbox 1094 1970 1186 2014; x_wconf 84' lang='lat' dir='ltr'>Brg.</span> <span class='ocrx_word' id='word_1_266' title='bbox 1207 1971 1328 2014; x_wconf 81' lang='lat' dir='ltr'>tengo</span> <span class='ocrx_word' id='word_1_267' title='bbox 1349 1968 1388 2005; x_wconf 86' lang='lat' dir='ltr'>la</span> <span class='ocrx_word' id='word_1_268' title='bbox 1408 1968 1561 2006; x_wconf 88' lang='lat' dir='ltr'>lezione</span> <span class='ocrx_word' id='word_1_269' title='bbox 1577 1980 1667 2005; x_wconf 82' lang='lat' dir='ltr'>mss.</span> <span class='ocrx_word' id='word_1_270' title='bbox 1689 1972 1834 2014; x_wconf 78' lang='lat' dir='ltr'>artum,</span> 
     </span>
     <span class='ocr_line' id='line_1_32' title="bbox 347 2015 1872 2062; baseline -0.002 -5"><span class='ocrx_word' id='word_1_271' title='bbox 347 2020 419 2058; x_wconf 88' lang='lat' dir='ltr'>che</span> <span class='ocrx_word' id='word_1_272' title='bbox 445 2020 606 2057; x_wconf 86' lang='lat' dir='ltr'>Lachm.</span> <span class='ocrx_word' id='word_1_273' title='bbox 630 2032 650 2056; x_wconf 89' lang='lat' dir='ltr'>e</span> <span class='ocrx_word' id='word_1_274' title='bbox 671 2019 789 2056; x_wconf 88' lang='lat' dir='ltr'>Bern.</span> <span class='ocrx_word' id='word_1_275' title='bbox 816 2023 978 2056; x_wconf 86' lang='lat' dir='ltr'>mutano</span> <span class='ocrx_word' id='word_1_276' title='bbox 1004 2017 1045 2054; x_wconf 90' lang='lat' dir='ltr'>in</span> <span class='ocrx_word' id='word_1_277' title='bbox 1069 2021 1156 2055; x_wconf 80' lang='lat' dir='ltr'>arto</span> <span class='ocrx_word' id='word_1_278' title='bbox 1182 2015 1454 2062; x_wconf 73' lang='lat' dir='ltr'>(fron-qnntnr</span> <span class='ocrx_word' id='word_1_279' title='bbox 1479 2018 1522 2053; x_wconf 85' lang='lat' dir='ltr'>in</span> <span class='ocrx_word' id='word_1_280' title='bbox 1547 2016 1665 2060; x_wconf 84' lang='lat' dir='ltr'>arto).</span> <span class='ocrx_word' id='word_1_281' title='bbox 1686 2015 1744 2053; x_wconf 82' lang='lat' dir='ltr'>La</span> <span class='ocrx_word' id='word_1_282' title='bbox 1773 2028 1835 2054; x_wconf 89' lang='lat' dir='ltr'>co·</span> <span class='ocrx_word' id='word_1_283' title='bbox 1870 2050 1872 2057; x_wconf 49' lang='lat'><em>2</em></span> 
     </span>
     <span class='ocr_line' id='line_1_33' title="bbox 347 2063 1834 2113; baseline -0.002 -9"><span class='ocrx_word' id='word_1_284' title='bbox 347 2068 546 2105; x_wconf 82' lang='lat' dir='ltr'>struzione</span> <span class='ocrx_word' id='word_1_285' title='bbox 574 2066 776 2113; x_wconf 80' lang='lat' dir='ltr'>confercit,</span> <span class='ocrx_word' id='word_1_286' title='bbox 800 2065 1064 2112; x_wconf 69' lang='lat' dir='ltr'>franynntnr,</span> <span class='ocrx_word' id='word_1_287' title='bbox 1090 2067 1134 2101; x_wconf 94' lang='lat' dir='ltr'>in</span> <span class='ocrx_word' id='word_1_288' title='bbox 1170 2068 1301 2101; x_wconf 77' lang='lat' dir='ltr'>artum</span> <span class='ocrx_word' id='word_1_289' title='bbox 1327 2063 1348 2101; x_wconf 78' lang='grc' dir='ltr'>ὸ</span> <span class='ocrx_word' id='word_1_290' title='bbox 1370 2063 1481 2106; x_wconf 78' lang='lat' dir='ltr'>dura,</span> <span class='ocrx_word' id='word_1_291' title='bbox 1503 2074 1567 2100; x_wconf 82' lang='lat' dir='ltr'>ma</span> <span class='ocrx_word' id='word_1_292' title='bbox 1593 2075 1707 2100; x_wconf 87' lang='lat' dir='ltr'>meno</span> <span class='ocrx_word' id='word_1_293' title='bbox 1733 2063 1834 2101; x_wconf 79' lang='lat' dir='ltr'>dura</span> 
     </span>
     <span class='ocr_line' id='line_1_34' title="bbox 345 2109 1834 2161; baseline -0.003 -9"><span class='ocrx_word' id='word_1_294' title='bbox 345 2128 382 2160; x_wconf 89' lang='lat' dir='ltr'>p.</span> <span class='ocrx_word' id='word_1_295' title='bbox 405 2127 458 2152; x_wconf 81' lang='lat' dir='ltr'>eS.</span> <span class='ocrx_word' id='word_1_296' title='bbox 482 2114 521 2152; x_wconf 90' lang='lat' dir='ltr'>di</span> <span class='ocrx_word' id='word_1_297' title='bbox 549 2116 615 2152; x_wconf 82' lang='grc'>176</span> <span class='ocrx_word' id='word_1_298' title='bbox 642 2114 736 2161; x_wconf 83' lang='lat' dir='ltr'>fecit</span> <span class='ocrx_word' id='word_1_299' title='bbox 761 2118 804 2151; x_wconf 82' lang='lat' dir='ltr'>nt</span> <span class='ocrx_word' id='word_1_300' title='bbox 830 2119 920 2151; x_wconf 82' lang='lat' dir='ltr'>ante</span> <span class='ocrx_word' id='word_1_301' title='bbox 946 2125 1080 2150; x_wconf 80' lang='lat' dir='ltr'>cavam</span> <span class='ocrx_word' id='word_1_302' title='bbox 1107 2113 1223 2149; x_wconf 78' lang='lat' dir='ltr'>docui</span> <span class='ocrx_word' id='word_1_303' title='bbox 1247 2113 1476 2157; x_wconf 76' lang='lat' dir='ltr'>spissescere</span> <span class='ocrx_word' id='word_1_304' title='bbox 1499 2109 1638 2148; x_wconf 83' lang='lat' dir='ltr'>nubem</span> <span class='ocrx_word' id='word_1_305' title='bbox 1648 2123 1665 2158; x_wconf 85' lang='lat'>,·</span> <span class='ocrx_word' id='word_1_306' title='bbox 1689 2122 1712 2148; x_wconf 85' lang='lat' dir='ltr'>e</span> <span class='ocrx_word' id='word_1_307' title='bbox 1736 2111 1834 2156; x_wconf 89' lang='lat' dir='ltr'>puoi</span> 
     </span>
     <span class='ocr_line' id='line_1_35' title="bbox 346 2159 1838 2204; baseline -0.003 -5"><span class='ocrx_word' id='word_1_308' title='bbox 346 2163 474 2200; x_wconf 86' lang='lat' dir='ltr'>anche</span> <span class='ocrx_word' id='word_1_309' title='bbox 511 2162 714 2200; x_wconf 81' lang='lat' dir='ltr'>rieordare</span> <span class='ocrx_word' id='word_1_310' title='bbox 743 2161 804 2198; x_wconf 90' lang='lat' dir='ltr'>col</span> <span class='ocrx_word' id='word_1_311' title='bbox 838 2161 981 2198; x_wconf 89' lang='lat' dir='ltr'>Munro</span> <span class='ocrx_word' id='word_1_312' title='bbox 1017 2159 1160 2197; x_wconf 87' lang='lat' dir='ltr'>Catull.</span> <span class='ocrx_word' id='word_1_313' title='bbox 1188 2160 1245 2196; x_wconf 86' lang='grc'>44.</span> <span class='ocrx_word' id='word_1_314' title='bbox 1274 2161 1304 2196; x_wconf 80' lang='grc'>7.</span> <span class='ocrx_word' id='word_1_315' title='bbox 1333 2161 1542 2196; x_wconf 80' lang='lat' dir='ltr'>tussim...</span> <span class='ocrx_word' id='word_1_316' title='bbox 1580 2169 1697 2204; x_wconf 80' lang='lat' dir='ltr'>quam</span> <span class='ocrx_word' id='word_1_317' title='bbox 1733 2159 1838 2196; x_wconf 77' lang='lat' dir='ltr'>mihi.</span> 
     </span>
     <span class='ocr_line' id='line_1_36' title="bbox 347 2206 1832 2255; baseline -0.002 -9"><span class='ocrx_word' id='word_1_318' title='bbox 347 2237 379 2246; x_wconf 89' lang='lat'>..</span> <span class='ocrx_word' id='word_1_319' title='bbox 397 2214 561 2255; x_wconf 54' lang='lat' dir='ltr'>menter,</span> <span class='ocrx_word' id='word_1_320' title='bbox 587 2209 694 2247; x_wconf 82' lang='lat' dir='ltr'>Dum</span> <span class='ocrx_word' id='word_1_321' title='bbox 721 2212 971 2254; x_wconf 76' lang='lat' dir='ltr'>sumptuosas</span> <span class='ocrx_word' id='word_1_322' title='bbox 997 2211 1143 2254; x_wconf 80' lang='lat' dir='ltr'>appeto,</span> <span class='ocrx_word' id='word_1_323' title='bbox 1170 2207 1286 2249; x_wconf 80' lang='lat' dir='ltr'>dedit.</span> <span class='ocrx_word' id='word_1_324' title='bbox 1314 2218 1430 2243; x_wconf 84' lang='lat' dir='ltr'>cenas</span> <span class='ocrx_word' id='word_1_325' title='bbox 1455 2218 1475 2243; x_wconf 84' lang='lat' dir='ltr'>c</span> <span class='ocrx_word' id='word_1_326' title='bbox 1502 2206 1633 2243; x_wconf 85' lang='lat'><strong>6618:</strong></span> <span class='ocrx_word' id='word_1_327' title='bbox 1659 2217 1751 2248; x_wconf 87' lang='lat' dir='ltr'>non,</span> <span class='ocrx_word' id='word_1_328' title='bbox 1772 2208 1832 2244; x_wconf 88' lang='lat' dir='ltr'>ita</span> 
     </span>
     <span class='ocr_line' id='line_1_37' title="bbox 345 2254 1488 2302; baseline -0.004 -8"><span class='ocrx_word' id='word_1_329' title='bbox 345 2270 403 2295; x_wconf 83' lang='lat' dir='ltr'>me</span> <span class='ocrx_word' id='word_1_330' title='bbox 429 2258 524 2302; x_wconf 82' lang='lat' dir='ltr'>divi,</span> <span class='ocrx_word' id='word_1_331' title='bbox 549 2269 643 2294; x_wconf 84' lang='lat' dir='ltr'>vera</span> <span class='ocrx_word' id='word_1_332' title='bbox 669 2260 838 2302; x_wconf 72' lang='lat' dir='ltr'>yemunt,</span> <span class='ocrx_word' id='word_1_333' title='bbox 865 2258 1050 2294; x_wconf 75' lang='lat' dir='ltr'>iuverint.</span> <span class='ocrx_word' id='word_1_334' title='bbox 1077 2254 1156 2291; x_wconf 77' lang='lat' dir='ltr'>Cfr.</span> <span class='ocrx_word' id='word_1_335' title='bbox 1184 2267 1207 2290; x_wconf 84' lang='lat' dir='ltr'>a</span> <span class='ocrx_word' id='word_1_336' title='bbox 1232 2254 1294 2290; x_wconf 84' lang='grc' dir='ltr'><strong>ΙΙΙ.</strong></span> <span class='ocrx_word' id='word_1_337' title='bbox 1319 2254 1488 2290; x_wconf 85' lang='grc'><strong>841-844.</strong></span> 
     </span>
    </p>

    <p class='ocr_par' dir='ltr' id='par_1_8' title="bbox 440 2299 1831 2347">
     <span class='ocr_line' id='line_1_38' title="bbox 440 2299 1831 2347; baseline -0.001 -8"><span class='ocrx_word' id='word_1_338' title='bbox 440 2304 614 2341; x_wconf 81' lang='lat'>160-378.</span> <span class='ocrx_word' id='word_1_339' title='bbox 641 2305 805 2342; x_wconf 85' lang='lat' dir='ltr'>Intorno</span> <span class='ocrx_word' id='word_1_340' title='bbox 832 2304 869 2340; x_wconf 86' lang='lat' dir='ltr'>al</span> <span class='ocrx_word' id='word_1_341' title='bbox 896 2303 1112 2347; x_wconf 84' lang='lat' dir='ltr'>complesso</span> <span class='ocrx_word' id='word_1_342' title='bbox 1130 2301 1168 2338; x_wconf 84' lang='lat' dir='ltr'>di</span> <span class='ocrx_word' id='word_1_343' title='bbox 1187 2301 1315 2345; x_wconf 82' lang='lat' dir='ltr'>questi</span> <span class='ocrx_word' id='word_1_344' title='bbox 1343 2301 1448 2339; x_wconf 84' lang='lat' dir='ltr'>versi</span> <span class='ocrx_word' id='word_1_345' title='bbox 1469 2300 1559 2338; x_wconf 87' lang='lat' dir='ltr'>vedi</span> <span class='ocrx_word' id='word_1_346' title='bbox 1579 2299 1831 2338; x_wconf 76' lang='lat' dir='ltr'>l’Exoursus.</span> 
     </span>
    </p>

    <p class='ocr_par' dir='ltr' id='par_1_9' title="bbox 343 2348 1872 2681">
     <span class='ocr_line' id='line_1_39' title="bbox 440 2348 1831 2396; baseline -0.001 -9"><span class='ocrx_word' id='word_1_347' title='bbox 440 2351 611 2387; x_wconf 86' lang='grc'><strong>160-172.</strong></span> <span class='ocrx_word' id='word_1_348' title='bbox 645 2352 724 2390; x_wconf 81' lang='lat' dir='ltr'>Ofr.</span> <span class='ocrx_word' id='word_1_349' title='bbox 748 2352 892 2388; x_wconf 86' lang='lat' dir='ltr'>lettera</span> <span class='ocrx_word' id='word_1_350' title='bbox 918 2363 941 2387; x_wconf 85' lang='lat' dir='ltr'>a</span> <span class='ocrx_word' id='word_1_351' title='bbox 963 2351 1051 2396; x_wconf 66' lang='lat' dir='ltr'>Pit„</span> <span class='ocrx_word' id='word_1_352' title='bbox 1077 2349 1398 2388; x_wconf 80' lang='lat' dir='ltr'>nell’Exeursus.</span> <span class='ocrx_word' id='word_1_353' title='bbox 1424 2361 1460 2394; x_wconf 87' lang='lat' dir='ltr'>a,</span> <span class='ocrx_word' id='word_1_354' title='bbox 1485 2360 1508 2386; x_wconf 93' lang='lat' dir='ltr'>o</span> <span class='ocrx_word' id='word_1_355' title='bbox 1534 2348 1724 2394; x_wconf 75' lang='lat' dir='ltr'>piuttosto</span> <span class='ocrx_word' id='word_1_356' title='bbox 1745 2360 1774 2394; x_wconf 83' lang='lat' dir='ltr'>c,</span> <span class='ocrx_word' id='word_1_357' title='bbox 1809 2360 1831 2386; x_wconf 85' lang='lat' dir='ltr'>e</span> 
     </span>
     <span class='ocr_line' id='line_1_40' title="bbox 343 2395 1872 2445; baseline -0.003 -9"><span class='ocrx_word' id='word_1_358' title='bbox 343 2398 521 2445; x_wconf 82' lang='lat' dir='ltr'>insieme,</span> <span class='ocrx_word' id='word_1_359' title='bbox 546 2411 654 2436; x_wconf 90' lang='lat' dir='ltr'>come</span> <span class='ocrx_word' id='word_1_360' title='bbox 681 2398 743 2436; x_wconf 52' lang='grc' dir='ltr'>ἑὲ</span> <span class='ocrx_word' id='word_1_361' title='bbox 765 2398 878 2443; x_wconf 80' lang='lat' dir='ltr'>visto,</span> <span class='ocrx_word' id='word_1_362' title='bbox 904 2400 973 2435; x_wconf 88' lang='grc'>309</span> <span class='ocrx_word' id='word_1_363' title='bbox 999 2409 1081 2442; x_wconf 84' lang='lat' dir='ltr'>sgg.</span> <span class='ocrx_word' id='word_1_364' title='bbox 1179 2415 1225 2421; x_wconf 85' lang='lat'>—-</span> <span class='ocrx_word' id='word_1_365' title='bbox 1247 2396 1332 2434; x_wconf 81' lang='lat'><strong>160.</strong></span> <span class='ocrx_word' id='word_1_366' title='bbox 1353 2396 1504 2442; x_wconf 71' lang='lat' dir='ltr'>fulyit;</span> <span class='ocrx_word' id='word_1_367' title='bbox 1528 2395 1684 2442; x_wconf 55' lang='lat' dir='ltr'>fntqire</span> <span class='ocrx_word' id='word_1_368' title='bbox 1703 2396 1831 2433; x_wconf 77' lang='lat' dir='ltr'>anche</span> <span class='ocrx_word' id='word_1_369' title='bbox 1868 2399 1872 2423; x_wconf 80' lang='grc' dir='ltr'><strong><em>ἵ</em></strong></span> 
     </span>
     <span class='ocr_line' id='line_1_41' title="bbox 345 2442 1872 2491; baseline -0.001 -8"><span class='ocrx_word' id='word_1_370' title='bbox 345 2447 508 2483; x_wconf 62' lang='grc'><strong>165174.</strong></span> <span class='ocrx_word' id='word_1_371' title='bbox 536 2447 700 2483; x_wconf 79' lang='grc'><strong>214218.</strong></span> <span class='ocrx_word' id='word_1_372' title='bbox 723 2446 759 2483; x_wconf 90' lang='lat' dir='ltr'>V</span> <span class='ocrx_word' id='word_1_373' title='bbox 782 2447 891 2491; x_wconf 79' lang='lat'>10933</span> <span class='ocrx_word' id='word_1_374' title='bbox 917 2445 1083 2491; x_wconf 64' lang='lat' dir='ltr'>fnlyere,</span> <span class='ocrx_word' id='word_1_375' title='bbox 1109 2445 1191 2489; x_wconf 82' lang='lat'>213,</span> <span class='ocrx_word' id='word_1_376' title='bbox 1212 2444 1253 2480; x_wconf 86' lang='lat' dir='ltr'>II</span> <span class='ocrx_word' id='word_1_377' title='bbox 1274 2445 1331 2490; x_wconf 79' lang='grc'>27,</span> <span class='ocrx_word' id='word_1_378' title='bbox 1349 2444 1386 2480; x_wconf 89' lang='lat' dir='ltr'><strong>V</strong></span> <span class='ocrx_word' id='word_1_379' title='bbox 1409 2445 1488 2480; x_wconf 78' lang='lat'>766.</span> <span class='ocrx_word' id='word_1_380' title='bbox 1585 2463 1632 2469; x_wconf 94' lang='lat'><em>-</em></span> <span class='ocrx_word' id='word_1_381' title='bbox 1651 2442 1725 2478; x_wconf 78' lang='lat'>164</span> <span class='ocrx_word' id='word_1_382' title='bbox 1745 2455 1830 2488; x_wconf 85' lang='lat' dir='ltr'>sgg.</span> <span class='ocrx_word' id='word_1_383' title='bbox 1867 2479 1872 2491; x_wconf 79' lang='grc'><em>,</em></span> 
     </span>
     <span class='ocr_line' id='line_1_42' title="bbox 344 2489 1872 2543; baseline 0 -13"><span class='ocrx_word' id='word_1_384' title='bbox 344 2493 415 2530; x_wconf 87' lang='lat' dir='ltr'>cfr.</span> <span class='ocrx_word' id='word_1_385' title='bbox 437 2494 582 2531; x_wconf 82' lang='lat' dir='ltr'>lettera</span> <span class='ocrx_word' id='word_1_386' title='bbox 600 2506 624 2530; x_wconf 86' lang='lat' dir='ltr'>a</span> <span class='ocrx_word' id='word_1_387' title='bbox 644 2494 721 2531; x_wconf 83' lang='lat' dir='ltr'>Pit.</span> <span class='ocrx_word' id='word_1_388' title='bbox 748 2494 950 2531; x_wconf 81' lang='lat' dir='ltr'>Excursus</span> <span class='ocrx_word' id='word_1_389' title='bbox 977 2495 1054 2536; x_wconf 82' lang='lat' dir='ltr'>(tra</span> <span class='ocrx_word' id='word_1_390' title='bbox 1079 2505 1103 2537; x_wconf 72' lang='lat' dir='ltr'>{J</span> <span class='ocrx_word' id='word_1_391' title='bbox 1130 2504 1150 2528; x_wconf 77' lang='lat' dir='ltr'>e</span> <span class='ocrx_word' id='word_1_392' title='bbox 1178 2492 1227 2536; x_wconf 81' lang='grc' dir='ltr'>α).</span> <span class='ocrx_word' id='word_1_393' title='bbox 1325 2511 1367 2516; x_wconf 72' lang='lat'>-—</span> <span class='ocrx_word' id='word_1_394' title='bbox 1395 2489 1469 2526; x_wconf 80' lang='lat'>165</span> <span class='ocrx_word' id='word_1_395' title='bbox 1494 2502 1550 2536; x_wconf 82' lang='lat' dir='ltr'>sg.</span> <span class='ocrx_word' id='word_1_396' title='bbox 1571 2492 1728 2538; x_wconf 83' lang='lat' dir='ltr'>quia...</span> <span class='ocrx_word' id='word_1_397' title='bbox 1753 2503 1830 2528; x_wconf 77' lang='lat' dir='ltr'>res·</span> <span class='ocrx_word' id='word_1_398' title='bbox 1851 2494 1872 2543; x_wconf 46' lang='grc' dir='ltr'>κζ</span> 
     </span>
     <span class='ocr_line' id='line_1_43' title="bbox 344 2537 1872 2586; baseline -0.001 -8"><span class='ocrx_word' id='word_1_399' title='bbox 344 2540 421 2578; x_wconf 77' lang='grc' dir='ltr'>Ο’ὸ</span> <span class='ocrx_word' id='word_1_400' title='bbox 454 2553 509 2578; x_wconf 91' lang='lat' dir='ltr'>un</span> <span class='ocrx_word' id='word_1_401' title='bbox 544 2541 756 2579; x_wconf 85' lang='lat' dir='ltr'>anacoluto</span> <span class='ocrx_word' id='word_1_402' title='bbox 790 2553 861 2586; x_wconf 85' lang='lat' dir='ltr'>per</span> <span class='ocrx_word' id='word_1_403' title='bbox 893 2541 1075 2585; x_wconf 84' lang='lat' dir='ltr'>sincope3</span> <span class='ocrx_word' id='word_1_404' title='bbox 1110 2539 1249 2576; x_wconf 87' lang='lat' dir='ltr'>invece</span> <span class='ocrx_word' id='word_1_405' title='bbox 1285 2537 1324 2575; x_wconf 93' lang='lat' dir='ltr'>di</span> <span class='ocrx_word' id='word_1_406' title='bbox 1350 2537 1456 2576; x_wconf 85' lang='lat' dir='ltr'>dire:</span> <span class='ocrx_word' id='word_1_407' title='bbox 1492 2539 1588 2584; x_wconf 77' lang='lat' dir='ltr'>quia</span> <span class='ocrx_word' id='word_1_408' title='bbox 1621 2538 1674 2576; x_wconf 79' lang='lat' dir='ltr'>ad</span> <span class='ocrx_word' id='word_1_409' title='bbox 1711 2546 1872 2578; x_wconf 56' lang='lat' dir='ltr'>amesa}</span> 
     </span>
     <span class='ocr_line' id='line_1_44' title="bbox 345 2579 1872 2634; baseline 0 -10"><span class='ocrx_word' id='word_1_410' title='bbox 345 2589 503 2626; x_wconf 81' lang='lat' dir='ltr'>tardius</span> <span class='ocrx_word' id='word_1_411' title='bbox 529 2589 744 2626; x_wconf 81' lang='lat' dir='ltr'>adveniunt</span> <span class='ocrx_word' id='word_1_412' title='bbox 769 2601 832 2626; x_wconf 80' lang='lat' dir='ltr'>res</span> <span class='ocrx_word' id='word_1_413' title='bbox 858 2600 957 2634; x_wconf 84' lang='lat' dir='ltr'>qnae</span> <span class='ocrx_word' id='word_1_414' title='bbox 992 2599 1112 2625; x_wconf 79' lang='lat' dir='ltr'>aures</span> <span class='ocrx_word' id='word_1_415' title='bbox 1140 2590 1327 2632; x_wconf 76' lang='lat' dir='ltr'>moveant,</span> <span class='ocrx_word' id='word_1_416' title='bbox 1352 2598 1468 2633; x_wconf 78' lang='lat' dir='ltr'>quam</span> <span class='ocrx_word' id='word_1_417' title='bbox 1494 2586 1548 2623; x_wconf 83' lang='lat' dir='ltr'>ad</span> <span class='ocrx_word' id='word_1_418' title='bbox 1572 2587 1698 2624; x_wconf 79' lang='lat' dir='ltr'>visum</span> <span class='ocrx_word' id='word_1_419' title='bbox 1728 2597 1828 2632; x_wconf 82' lang='lat' dir='ltr'>quae</span> <span class='ocrx_word' id='word_1_420' title='bbox 1854 2579 1872 2621; x_wconf 78' lang='grc'>1</span> 
     </span>
     <span class='ocr_line' id='line_1_45' title="bbox 343 2632 1872 2681; baseline 0.001 -9"><span class='ocrx_word' id='word_1_421' title='bbox 343 2638 469 2672; x_wconf 80' lang='lat' dir='ltr'>visum</span> <span class='ocrx_word' id='word_1_422' title='bbox 506 2640 692 2681; x_wconf 81' lang='lat' dir='ltr'>moveant,</span> <span class='ocrx_word' id='word_1_423' title='bbox 731 2635 922 2673; x_wconf 87' lang='lat' dir='ltr'>Lucrezio</span> <span class='ocrx_word' id='word_1_424' title='bbox 955 2635 1008 2672; x_wconf 88' lang='lat' dir='ltr'>ha</span> <span class='ocrx_word' id='word_1_425' title='bbox 1032 2646 1148 2680; x_wconf 84' lang='lat' dir='ltr'>preso</span> <span class='ocrx_word' id='word_1_426' title='bbox 1184 2634 1212 2671; x_wconf 93' lang='lat' dir='ltr'>il</span> <span class='ocrx_word' id='word_1_427' title='bbox 1247 2634 1374 2678; x_wconf 82' lang='lat' dir='ltr'>primo</span> <span class='ocrx_word' id='word_1_428' title='bbox 1408 2632 1677 2671; x_wconf 78' lang='lat' dir='ltr'>termine-del</span> <span class='ocrx_word' id='word_1_429' title='bbox 1703 2633 1837 2677; x_wconf 70' lang='lat' dir='ltr'>primo,</span> <span class='ocrx_word' id='word_1_430' title='bbox 1864 2643 1872 2666; x_wconf 79' lang='grc' dir='ltr'>Ξ</span> 
     </span>
    </p>
   </div>
   <div class='ocr_carea' id='block_1_7' title="bbox 342 2671 1872 2824">
    <p class='ocr_par' dir='ltr' id='par_1_10' title="bbox 342 2671 1872 2824">
     <span class='ocr_line' id='line_1_46' title="bbox 344 2671 1872 2726; baseline -0.001 -7"><span class='ocrx_word' id='word_1_431' title='bbox 344 2683 521 2720; x_wconf 84' lang='lat' dir='ltr'>membro</span> <span class='ocrx_word' id='word_1_432' title='bbox 548 2695 569 2720; x_wconf 88' lang='lat' dir='ltr'>e</span> <span class='ocrx_word' id='word_1_433' title='bbox 588 2684 615 2720; x_wconf 86' lang='lat' dir='ltr'>il</span> <span class='ocrx_word' id='word_1_434' title='bbox 635 2683 808 2721; x_wconf 79' lang='lat' dir='ltr'>secondo.</span> <span class='ocrx_word' id='word_1_435' title='bbox 823 2683 887 2721; x_wconf 90' lang='lat' dir='ltr'>del</span> <span class='ocrx_word' id='word_1_436' title='bbox 904 2681 1086 2720; x_wconf 83' lang='lat' dir='ltr'>secondo.</span> <span class='ocrx_word' id='word_1_437' title='bbox 1162 2701 1203 2706; x_wconf 88' lang='lat'>—</span> <span class='ocrx_word' id='word_1_438' title='bbox 1222 2681 1325 2718; x_wconf 86' lang='lat' dir='ltr'>Plin.</span> <span class='ocrx_word' id='word_1_439' title='bbox 1342 2681 1361 2718; x_wconf 96' lang='lat' dir='ltr'>I</span> <span class='ocrx_word' id='word_1_440' title='bbox 1381 2681 1448 2718; x_wconf 82' lang='lat'>142</span> <span class='ocrx_word' id='word_1_441' title='bbox 1463 2680 1694 2726; x_wconf 69' lang='lat' dir='ltr'>Fulyetrum</span> <span class='ocrx_word' id='word_1_442' title='bbox 1712 2682 1838 2726; x_wconf 79' lang='lat' dir='ltr'>prius·</span> <span class='ocrx_word' id='word_1_443' title='bbox 1852 2671 1872 2706; x_wconf 61' lang='lat'>»⁵</span> 
     </span>
     <span class='ocr_line' id='line_1_47' title="bbox 345 2703 1872 2812; baseline 0 -46"><span class='ocrx_word' id='word_1_444' title='bbox 345 2733 456 2768; x_wconf 81' lang='lat' dir='ltr'>cerni</span> <span class='ocrx_word' id='word_1_445' title='bbox 488 2743 604 2777; x_wconf 81' lang='lat' dir='ltr'>qnam</span> <span class='ocrx_word' id='word_1_446' title='bbox 637 2733 817 2769; x_wconf 83' lang='lat' dir='ltr'>tonitrua</span> <span class='ocrx_word' id='word_1_447' title='bbox 849 2731 1000 2776; x_wconf 83' lang='lat' dir='ltr'>audiri,</span> <span class='ocrx_word' id='word_1_448' title='bbox 1041 2741 1126 2767; x_wconf 86' lang='lat' dir='ltr'>cum</span> <span class='ocrx_word' id='word_1_449' title='bbox 1163 2729 1283 2766; x_wconf 84' lang='lat' dir='ltr'>simul</span> <span class='ocrx_word' id='word_1_450' title='bbox 1316 2722 1428 2775; x_wconf 79' lang='lat' dir='ltr'>fiant,</span> <span class='ocrx_word' id='word_1_451' title='bbox 1469 2732 1616 2765; x_wconf 82' lang='lat' dir='ltr'>certum</span> <span class='ocrx_word' id='word_1_452' title='bbox 1653 2731 1724 2771; x_wconf 79' lang='lat' dir='ltr'>est,</span> <span class='ocrx_word' id='word_1_453' title='bbox 1759 2703 1872 2812; x_wconf 54' lang='lat' dir='ltr'>neci}</span> 
     </span>
     <span class='ocr_line' id='line_1_48' title="bbox 342 2766 1856 2824; baseline 0.001 -10"><span class='ocrx_word' id='word_1_454' title='bbox 342 2779 500 2823; x_wconf 80' lang='lat' dir='ltr'>mirum,</span> <span class='ocrx_word' id='word_1_455' title='bbox 526 2780 713 2824; x_wconf 72' lang='lat' dir='ltr'>quoniam</span> <span class='ocrx_word' id='word_1_456' title='bbox 749 2779 819 2816; x_wconf 75' lang='lat' dir='ltr'>lux</span> <span class='ocrx_word' id='word_1_457' title='bbox 852 2780 984 2816; x_wconf 80' lang='lat' dir='ltr'>sonitu</span> <span class='ocrx_word' id='word_1_458' title='bbox 1019 2777 1195 2816; x_wconf 84' lang='lat' dir='ltr'>velocior.</span> <span class='ocrx_word' id='word_1_459' title='bbox 1293 2796 1339 2801; x_wconf 92' lang='lat'>—</span> <span class='ocrx_word' id='word_1_460' title='bbox 1369 2775 1452 2812; x_wconf 76' lang='lat'><strong>163.</strong></span> <span class='ocrx_word' id='word_1_461' title='bbox 1486 2775 1646 2814; x_wconf 74' lang='lat' dir='ltr'>arboris</span> <span class='ocrx_word' id='word_1_462' title='bbox 1671 2766 1856 2819; x_wconf 46' lang='lat' dir='ltr'>auctumf.</span> 
     </span>
    </p>
   </div>
   <div class='ocr_carea' id='block_1_8' title="bbox 1835 2813 1872 3002">
    <p class='ocr_par' dir='ltr' id='par_1_11' title="bbox 1835 2813 1872 3002">
     <span class='ocr_line' id='line_1_49' title="bbox 1835 2813 1872 3002; baseline 0 0"><span class='ocrx_word' id='word_1_463' title='bbox 1835 2813 1872 3002; x_wconf 93' lang='grc'>1</span> 
     </span>
    </p>
   </div>
  </div>
 </body>
</html>
