1872 3002
332 135 420 181 250
751 135 836 182 DE
868 134 1099 182 RERUM
1129 134 1406 182 NATURA

361 233 688 289 proptereaque
721 230 814 275 fere
846 244 917 275 res
950 244 1105 276 omnes
1137 233 1217 275 aut
1250 229 1373 276 corio
1405 234 1511 277 sunt

360 298 442 340 aut
474 294 611 341 etiam
644 293 828 340 conchis
861 297 942 340 aut
973 293 1089 340 callo
1121 297 1202 340 aut
1234 293 1402 341 cortice
1436 299 1601 343 tectae.

360 358 624 406 interiorem
658 358 794 405 etiam
830 362 1007 417 partem
1039 358 1322 417 spirantibus
1354 365 1432 407 aer

260 438 329 475 935
360 424 572 484 verberat
604 423 680 470 hic
711 423 846 482 idem,
880 439 984 470 cum
1017 423 1201 471 ducitur
1233 429 1369 484 atque
1401 425 1604 473 reflatur.

359 505 500 548 quare
531 489 763 547 utrimque
796 504 926 535 secus
959 504 1063 535 cum
1096 505 1259 548 corpus
1290 490 1490 549 vapulet,
1522 495 1566 538 et
1599 507 1703 538 cum

359 554 629 612 perveniant
662 553 828 612 plagae
861 570 940 612 per
972 570 1118 612 parva
1150 554 1380 601 foramina
1411 555 1543 603 nobis

360 618 560 676 corporis
593 618 652 664 ad
684 619 857 677 primas
893 619 1034 677 partis
1067 619 1382 678 elementaque
1413 620 1576 679 prima,

359 684 409 730 fit
441 683 573 742 quasi
605 684 831 742 paulatim
862 683 995 730 nobis
1028 700 1108 742 per
1139 684 1346 731 membra
1377 684 1526 732 ruina.

257 761 328 797 940
360 750 694 796 conturbantur
726 749 849 796 enim
883 749 1114 808 positurae
1146 749 1478 808 principiorum

361 815 563 873 corporis
596 819 734 874 atquc
768 814 924 861 animi.
958 815 1009 861 fit
1042 815 1110 861 uti
1144 831 1249 874 pars
1282 815 1387 861 inde
1419 814 1593 862 animai
1641 872 1644 874 Α
1680 845 1682 849 -

358 880 563 934 eiciatur,
597 885 641 927 et
673 880 924 927 introrsum
962 897 1065 938 pars
1097 881 1255 927 abdita
1288 881 1432 938 cedat,

359 961 464 1004 pars
496 945 635 992 etiam
669 946 891 992 distracta
923 962 1002 1004 per
1034 950 1162 993 artus
1194 962 1285 993 non
1318 951 1455 1005 queat
1486 962 1583 994 esse

359 1011 604 1058 coniuncta
636 1011 757 1057 inter
788 1027 835 1058 se
867 1027 1012 1070 neque
1045 1016 1172 1058 motu
1205 1016 1366 1058 mutua
1398 1011 1559 1070 fungi:

257 1089 326 1126 945
358 1076 478 1122 inter
510 1076 634 1122 enim
667 1076 813 1135 saepit
846 1081 998 1123 coetus
1030 1081 1200 1123 natura
1231 1077 1448 1136 viasque:

358 1157 469 1200 crgo
501 1158 661 1188 sensus
694 1141 790 1188 abit
823 1141 1013 1188 mutatis
1049 1142 1244 1188 motibus
1277 1142 1392 1194 altc3
1616 1202 1619 1204 Δ

357 1211 402 1253 et
435 1207 651 1261 quoniam
683 1222 775 1253 non
807 1211 875 1253 est
907 1207 1038 1265 quasi
1071 1207 1190 1266 quod
1223 1207 1458 1254 suffulciat
1489 1212 1630 1264 artus,

358 1271 507 1318 debile
539 1272 590 1318 fit
622 1288 800 1330 corpus,
833 1271 1230 1330 languescuntque
1262 1273 1417 1319 omnia
1450 1274 1669 1329 membra,

357 1336 547 1383 brachia
579 1337 911 1396 palpebraeque
945 1337 1129 1395 cadunt,
1163 1338 1444 1398 poplitesque
1477 1337 1664 1385 cubanti

328 1541 367 1578 in
388 1543 437 1579 ab
453 1542 552 1580 ibus.
571 1542 648 1587 Ma,
667 1554 775 1579 come
794 1542 872 1579 ben
898 1553 1059 1579 osscrva
1077 1540 1103 1577 il
1128 1541 1166 1578 M
1183 1571 1191 1586 ,
1210 1543 1335 1578 acriis
1353 1544 1468 1579 auris
1490 1556 1532 1574 Ξ
1555 1545 1663 1580 aeris
1688 1544 1817 1581 auris.
1855 1538 1872 1594 χ’

327 1589 409 1627 cfr.
431 1590 471 1627 Ii
499 1591 567 1626 174
589 1601 714 1635 oenus
740 1590 955 1627 humanum
976 1601 1153 1635 quornm,
1179 1601 1199 1626 e
1222 1589 1261 1626 la
1286 1593 1382 1627 nota
1408 1590 1482 1636 ivi3
1509 1603 1545 1627 v.
1573 1590 1699 1628 anche
1724 1595 1819 1629 nota
1862 1599 1866 1611 2

329 1637 470 1681 Mayor
498 1650 520 1674 a
539 1638 652 1675 Griov.
674 1637 773 1674 XIV
800 1639 857 1674 24.
884 1636 1103 1674 Confi-outa
1125 1637 1264 1681 anche,
1286 1637 1345 1674 col
1370 1637 1524 1680 Munro,
1547 1637 1626 1675 Cic.
1648 1638 1702 1676 ad
1722 1636 1820 1684 fam.

325 1684 403 1722 XV
424 1684 467 1722 19
492 1689 651 1732 proptor
677 1688 832 1731 spectra
865 1684 1049 1729 Cattana,
1073 1696 1146 1729 pro
1179 1697 1253 1729 quo
1283 1687 1355 1722 etc.
1394 1685 1494 1723 Aen.
1531 1686 1548 1722 Ι
1573 1686 1641 1723 671
1681 1697 1818 1723 vereor
1868 1702 1872 1715 2

328 1745 401 1779 quo
444 1745 483 1769 se
510 1733 704 1770 Iuniom‘a
742 1736 896 1773 vertant
933 1731 1145 1778 Hospitia:
1179 1732 1287 1769 haud
1321 1736 1430 1770 tanto
1462 1733 1638 1771 cessabit.
1672 1732 1817 1778 Plinio,
1860 1758 1866 1778 ι,

326 1779 488 1818 XXXV
514 1781 535 1818 5
563 1781 758 1826 epicurios
783 1780 909 1817 voltus
932 1792 1003 1825 per
1030 1779 1208 1817 cubicula
1231 1784 1408 1826 qestanvt:
1431 1781 1567 1818 natali
1584 1782 1669 1818 eius
1693 1782 1819 1819 sacri·
1863 1809 1872 1816 ,

326 1828 458 1874 sistant.
567 1847 603 1852 —
628 1827 711 1864 932.
738 1839 797 1872 sg.
818 1827 982 1864 Ouriosa
1004 1829 1146 1871 questa
1173 1827 1300 1864 uscita
1322 1827 1361 1865 di
1393 1840 1534 1873 sapore
1570 1827 1818 1874 teleologico.
1862 1828 1872 1881 ’ξ

327 1874 519 1912 Luerezio
546 1887 616 1920 per
644 1875 745 1912 altro
772 1875 965 1920 potrebbe
1001 1874 1218 1912 difendersi
1254 1887 1327 1912 con
1354 1875 1446 1920 quel
1472 1875 1666 1921 principio
1693 1875 1820 1923 di28e-
1852 1920 1855 1921 ⁷

326 1922 492 1966 lezione,
518 1922 556 1959 di
585 1922 646 1960 cui
668 1922 854 1960 vedremo
874 1935 928 1959 un
946 1922 1123 1960 abbozzo
1150 1922 1214 1960 nel
1237 1922 1274 1959 V
1292 1923 1406 1960 libro.
1503 1943 1550 1948 —
1565 1923 1652 1960 936.
1674 1925 1818 1969 utrim-
1868 1938 1872 1942 ·

328 1982 398 2016 que
426 1982 556 2014 smus,-
576 1982 685 2008 secas
701 1986 747 1999 Ξ·-
765 1971 987 2014 secundam,
1014 1969 1034 2007 ὸ
1055 1969 1105 2006 (la
1129 1969 1334 2007 intendere
1362 1982 1471 2008 come
1491 1970 1532 2008 in
1563 1971 1820 2017 extrinsecu3‚‘
1870 1981 1872 1985 ’

328 2020 582 2062 intrinsecus,
619 2019 879 2062 altrinsecas;
914 2019 1018 2055 ossia
1051 2018 1164 2062 quasi
1192 2030 1244 2054 un
1278 2020 1474 2065 utrimque
1499 2018 1816 2061 versuaMunro
1860 2043 1872 2055 2

328 2066 406 2102 cita
433 2065 557 2103 Lucil.
579 2066 703 2103 XX1[
731 2066 933 2112 Zopyrion
962 2065 1093 2102 labeas
1120 2066 1247 2102 caedit
1273 2067 1470 2112 utrimque
1495 2078 1615 2108 socae,
1639 2074 1663 2103 ‘e
1690 2065 1817 2103 anche
1864 2087 1872 2106 1

328 2112 479 2150 Catone
506 2125 526 2150 e
555 2113 738 2158 Apuleio.
846 2133 889 2138 —-
917 2113 1002 2150 938.
1030 2112 1098 2149 cfr.
1126 2114 1205 2149 892.
1309 2133 1355 2138 —
1382 2114 1472 2151 939.
1500 2113 1577 2157 Qui
1605 2125 1676 2158 par
1702 2113 1816 2158 quasi
1867 2117 1872 2142 ἴ

328 2161 399 2198 che
426 2160 453 2197 il
475 2160 654 2197 fiaccarsi
682 2160 783 2198 delle
807 2160 982 2198 membra
1009 2160 1067 2197 sia
1089 2159 1299 2197 attribuito
1322 2160 1604 2199 ‹lirettamente
1630 2172 1654 2198 a
1676 2164 1818 2206 questa
1867 2164 1872 2202 ξ

329 2211 524 2252 tempesta
546 2208 585 2245 di
606 2208 708 2254 colpi
730 2209 858 2253 aerei;
878 2221 941 2245 ma
963 2207 983 2245 ὲ
1003 2207 1053 2244 da
1079 2207 1190 2252 legar
1209 2220 1281 2245 con
1300 2208 1432 2252 quello
1458 2209 1531 2246 che
1552 2221 1688 2254 segue,
1706 2207 1818 2254 dove,
1868 2211 1872 2250 ξ

327 2256 501 2293 sebbene
529 2268 608 2293 non
636 2256 789 2293 esclusa
816 2255 878 2292 del
906 2258 1009 2292 tutto
1037 2255 1164 2292 anche
1191 2258 1334 2299 questa
1367 2268 1499 2301 eausa,
1525 2254 1664 2300 poiche
1691 2255 1817 2293 anche
1867 2260 1872 2302 j

329 2306 506 2349 corporis
531 2306 821 2349 principiorum
844 2306 1049 2349 positurae
1068 2303 1373 2349 perturbantur,
1399 2303 1432 2340 si
1457 2303 1557 2342 vede
1584 2303 1656 2341 che
1683 2314 1819 2348 sopra·
1863 2316 1872 2354 3·

330 2353 433 2388 tutto
468 2363 538 2395 per
576 2351 616 2388 la
640 2354 764 2388 ruina
797 2350 888 2388 dell'
902 2351 1035 2388 anima
1061 2351 1176 2387 viene
1210 2362 1234 2387 a
1260 2363 1447 2389 mancare
1482 2351 1585 2398 quod
1608 2349 1816 2398 suffulciat
1863 2366 1871 2382 s

327 2402 454 2443 artus,
481 2400 562 2435 947.
669 2419 712 2423 ——
741 2397 827 2435 941.
853 2402 991 2436 mutua
1018 2398 1147 2445 funffl‘,
1173 2398 1242 2435 cfr.
1271 2400 1350 2436 799.
1462 2419 1506 2423 —
1530 2397 1612 2435 946.
1639 2398 1717 2436 alte
1742 2409 1815 2436 con
1867 2435 1872 2446 Σ

327 2445 420 2483 abit.
448 2465 489 2468 —
517 2446 591 2483 Del
617 2451 723 2483 resto
750 2448 818 2483 946
845 2458 866 2483 e
893 2447 961 2483 947
988 2458 1071 2490 sgg.
1114 2445 1254 2483 ‹licono
1289 2458 1436 2483 ancora
1471 2445 1769 2484 (listintamente
1801 2445 1815 2483 i
1867 2452 1872 2477 ἓ

326 2492 403 2530 due
431 2493 557 2530 effetti
583 2492 688 2530 della
714 2496 837 2531 ruina
864 2495 1033 2537 animae,
1059 2494 1072 2529 i
1099 2492 1175 2530 (lue
1203 2494 1394 2531 caratteri
1425 2493 1489 2531 del
1515 2506 1658 2532 sonno:
1685 2505 1811 2531 cessa-
1867 2509 1872 2525 .-

327 2541 440 2578 zione
460 2541 522 2578 del
541 2552 656 2579 senso
676 2540 895 2587 diffuso,
913 2554 933 2578 e
955 2541 1214 2578 fiaceamento
1233 2540 1335 2578 delle
1354 2541 1541 2579 membra.
1606 2560 1653 2566 —-
1667 2539 1745 2576 949
1760 2553 1816 2586 sg.
1870 2549 1872 2590 ξ

327 2589 492 2625 cubanti
524 2589 630 2632 (mss.
658 2589 700 2625 L.
727 2589 770 2626 B.
797 2589 864 2633 M.)
890 2589 1014 2626 riescc
1041 2601 1095 2625 un
1122 2593 1183 2633 po'
1220 2593 1373 2634 stran03
1406 2588 1551 2635 epperb
1577 2589 1616 2632 (a
1642 2590 1752 2626 tacer
1777 2587 1817 2627 di

329 2636 544 2673 mutazioni
571 2636 746 2681 antiche)
773 2636 800 2672 il
822 2637 987 2680 Brieger
1012 2636 1132 2680 (Pha.
1155 2637 1212 2672 33.
1234 2649 1270 2680 p.
1287 2637 1371 2679 444)
1392 2647 1620 2682 proponeva
1642 2637 1773 2673 cavati
1792 2647 1814 2673 o

329 2688 545 2729 cavantur;
571 2696 643 2721 con
669 2684 741 2721 che
768 2684 1062 2721 naturalmente
1089 2696 1167 2721 non
1194 2696 1244 2720 va
1269 2684 1339 2728 piu
1365 2683 1464 2721 bene
1493 2688 1632 2727 tamen,
1665 2682 1835 2732 ch'egli·
1864 2694 1872 2709 *-

329 2735 493 2771 nmtava
512 2731 551 2771 in
571 2734 688 2773 etiam
706 2744 728 2774 o
747 2736 917 2774 tremunt
933 2731 1085 2777 (cavati
1095 2760 1137 2774 ,..
1155 2735 1337 2777 tremunt,
1356 2743 1378 2771 o
1396 2735 1621 2777 cavantur„
1633 2759 1642 2768 .
1657 2729 1808 2784 etiam),
1858 2775 1872 2790 q

1860 2794 1872 2809 A
