1872 3002
319 149 406 195 236
733 147 818 195 DE
850 145 1083 196 RERUM
1114 146 1392 196 NATURA

348 243 504 291 omnia
536 244 619 291 sub
654 244 852 291 verbone
886 247 1011 290 creat
1041 247 1210 290 natura
1241 246 1499 304 paratque?

349 324 453 356 cum
484 308 757 367 praesertim
789 307 892 354 aliis
925 307 1085 355 eadem
1116 308 1166 355 in
1197 308 1384 368 regione
1417 309 1604 370 locoque

249 381 317 419 785
347 373 483 431 longe
516 373 754 420 dissimilis
787 373 970 420 animus
1002 389 1074 420 res
1108 374 1279 432 cogitet
1311 374 1473 422 omnis.

347 439 458 499 quid
490 455 636 498 porro,
670 438 720 485 in
751 455 994 486 numerum
1028 439 1270 498 procedere
1302 456 1406 487 cum
1437 440 1686 490 simulacra

347 505 577 552 cernimus
609 505 656 551 in
690 505 861 552 somnis
895 510 940 552 et
971 505 1129 552 mollia
1161 506 1367 553 membra
1399 522 1595 565 movere,

346 570 503 618 mollia
534 570 766 618 mobiliter
798 587 902 618 eum
935 571 1129 618 alternis
1161 571 1378 619 bracchia
1409 572 1602 620 mittunt

347 641 391 683 et
423 640 635 695 repetunt
666 636 809 683 oculis
841 641 1021 695 gestum
1057 637 1168 696 pede
1200 637 1522 684 convenienti?

247 708 315 744 790
346 701 532 759 seilicet,
566 705 664 748 arte
696 702 884 749 madent
915 702 1164 749 simulacra
1199 707 1243 749 et
1275 702 1410 750 docta
1440 707 1687 763 vagantur,

343 771 569 814 nocturno
601 766 750 814 faeere
781 772 832 814 ut
864 768 1040 827 possint
1072 768 1119 814 in
1151 772 1355 827 tempore
1386 767 1532 816 ludos,
1655 827 1659 830 ν

346 848 405 878 an
438 831 588 890 magis
619 832 735 879 illud
767 832 854 879 erit
887 834 1080 880 verum?
1114 833 1222 892 quia
1253 837 1458 892 tempore
1489 833 1539 880 in
1570 840 1677 882 uno‘

344 897 466 957 quod
498 897 735 952 sentimus,
767 897 817 944 id
849 902 918 946 est
951 914 1054 945 cum
1088 914 1180 946 vox
1213 898 1445 946 emittitur
1476 915 1583 958 una,

316 1131 477 1173 eordest,
506 1143 526 1168 e
552 1130 580 1167 il
606 1130 749 1167 Munro
782 1131 821 1167 si
852 1133 1001 1167 terrast
1034 1130 1154 1167 cordi.
1252 1150 1296 1155 -—
1332 1130 1413 1168 783.
1446 1130 1518 1168 sub
1545 1130 1657 1169 verbo
1674 1145 1718 1162 =
1736 1129 1808 1169 sub

314 1181 428 1216 iussu
436 1192 450 1225 ‚·
475 1180 582 1224 meis,
610 1180 700 1223 tuis,
724 1179 926 1224 praetoris
951 1177 1078 1215 verbis
1100 1180 1173 1215 ete.
1197 1191 1234 1208 =
1255 1190 1349 1225 meo,
1366 1183 1442 1224 tuo,
1466 1181 1667 1225 praetoris
1684 1181 1807 1216 iussu.

314 1227 380 1264 Ma
406 1226 598 1274 Lucrezio
625 1225 718 1263 vuol
745 1225 849 1262 forse
877 1225 982 1262 dire:
1015 1237 1173 1270 appena
1204 1226 1242 1263 io
1269 1225 1409 1264 dentre
1437 1226 1478 1263 di
1503 1239 1565 1265 me
1590 1227 1808 1273 pronuncio

312 1274 352 1311 la
378 1274 517 1319 parola
546 1274 561 1289 “
583 1273 738 1311 cavallo
759 1302 797 1318 „,
823 1273 928 1310 ossia
952 1273 1106 1317 rivolgo
1132 1273 1161 1309 il
1186 1274 1263 1311 mio
1289 1274 1474 1319 pensiero
1497 1273 1536 1311 al
1557 1274 1725 1320 cavallo,
1749 1286 1808 1312 su-

312 1322 395 1359 bito
421 1322 460 1359 la
486 1323 633 1358 natura
659 1321 711 1358 mi
738 1321 779 1358 fa
805 1320 951 1357 vedere
977 1320 1003 1357 il
1032 1320 1198 1358 cavallo,
1294 1341 1338 1346 -—
1361 1320 1444 1359 784.
1471 1333 1556 1359 oum
1573 1324 1808 1369 praesertim

315 1370 331 1387 ‘⁴
352 1381 373 1406 e
400 1368 460 1407 cio
486 1368 692 1414 malgrado
720 1368 791 1406 che
810 1382 847 1414 „3
875 1366 952 1405 Cic.
983 1367 1091 1406 Orat.
1119 1370 1165 1405 32
1200 1381 1268 1406 neo
1302 1382 1391 1407 vero
1425 1371 1463 1406 si
1486 1369 1698 1408 historiam
1729 1382 1807 1408 non
1861 1418 1863 1421 ι

312 1419 536 1462 scripsisset
562 1429 700 1454 nomen
727 1418 810 1453 eius
837 1419 1000 1462 extaret,
1017 1427 1103 1453 cum
1121 1419 1358 1463 praesertim
1375 1416 1520 1463 fuisset
1537 1417 1755 1455 honoratus
1773 1421 1807 1455 et

312 1465 468 1502 nobilis.
486 1464 588 1502 Vedi
602 1464 764 1508 Madvig
782 1476 806 1500 a
825 1464 870 1500 cle
890 1463 979 1500 Fin.
997 1463 1037 1500 Π
1054 1465 1111 1501 25.
1223 1485 1266 1490 -
1285 1465 1496 1503 dissimilis
1514 1465 1612 1503 aliis
1629 1465 1646 1481 ¹⁶
1663 1465 1806 1503 affatto

313 1512 470 1550 diverse
497 1512 547 1549 da
573 1512 704 1557 quelle
732 1511 815 1556 che,
840 1511 895 1548 ivi
921 1514 1058 1554 stesso,
1085 1511 1178 1548 altri
1203 1524 1380 1557 pensano
1409 1542 1442 1558 „.
1511 1532 1554 1539 —
1574 1512 1652 1549 787.
1669 1513 1808 1551 mollia

312 1560 397 1597 dice
431 1560 470 1597 la
502 1561 622 1605 piena
658 1559 915 1596 naturalezza
948 1571 969 1596 e
1003 1558 1133 1596 verite
1166 1559 1205 1596 di
1239 1560 1370 1604 questi
1400 1559 1642 1606 movimenti‚
1677 1572 1754 1598 uon
1780 1572 1804 1598 a

312 1607 439 1645 scatti.
462 1608 568 1645 Nota
586 1608 725 1645 mollia
742 1607 913 1643 membra
934 1618 1083 1644 movere
1100 1607 1238 1645 mollia
1258 1608 1466 1646 mobiliter.
1489 1627 1532 1634 —
1559 1607 1643 1646 Gon
1662 1607 1806 1646 Munro

313 1660 460 1693 ometto
487 1655 525 1692 la
551 1655 704 1701 virgola
731 1654 770 1691 di
796 1655 840 1691 L.
862 1667 882 1691 e
908 1653 952 1691 B.
980 1654 1080 1699 dopo
1107 1655 1133 1691 il
1160 1655 1330 1692 secondo
1356 1655 1505 1702 mollia,
1530 1655 1602 1693 che
1627 1655 1806 1694 riserisco

312 1716 335 1740 a
364 1703 556 1740 bracchia.
583 1722 630 1728 --
655 1703 730 1746 Qui
757 1702 949 1739 Luerezio
977 1701 1155 1739 descrive
1181 1706 1412 1741 veramente
1434 1715 1515 1740 una.
1533 1702 1661 1740 dauza.
1677 1715 1701 1741 ο
1718 1715 1807 1749 pro-

312 1751 490 1789 cessione
525 1750 721 1787 danzante
753 1761 786 1794 e,
819 1749 1028 1794 ripctendo
1063 1750 1140 1794 egli
1175 1750 1242 1795 qui
1278 1751 1347 1795 piu
1381 1750 1661 1789 diffusamcnte
1686 1751 1715 1788 il
1740 1750 1807 1796 gie

313 1798 422 1836 detto
450 1800 469 1835 7
474 1799 516 1835 67
522 1824 530 1837 ,
555 1797 683 1835 l'idea
709 1797 840 1842 gliene
867 1796 887 1834 e
907 1803 1057 1834 venuta
1075 1797 1424 1843 dall’espressione
1442 1800 1487 1836 in
1504 1810 1712 1837 numerum
1731 1799 1804 1836 che

311 1845 351 1884 Ιὲ.
377 1846 429 1883 ha
454 1848 582 1890 usam,
609 1859 630 1882 e
656 1845 728 1882 che
755 1845 822 1889 qui
848 1844 1020 1892 ripiglia,
1055 1857 1118 1882 ma
1149 1846 1214 1882 nel
1247 1858 1317 1883 suo
1351 1858 1466 1883 senso
1492 1844 1670 1883 normale
1697 1848 1716 1864 “
1735 1846 1803 1884 rit-

311 1894 546 1931 micamente
568 1921 598 1939 „.
625 1893 730 1930 Nota
756 1893 784 1929 il
812 1891 955 1937 doppio
981 1893 1132 1939 mollia,
1159 1893 1340 1940 alternis,
1367 1894 1480 1932 ludos
1505 1905 1526 1932 e
1552 1893 1622 1931 cfr.
1649 1894 1718 1931 977
1745 1906 1803 1939 sg.

311 1961 355 1966 —-
383 1942 552 1979 alternis
581 1942 595 1956 “
617 1941 952 1978 alternatamente
974 1969 1005 1987 „.
1105 1960 1148 1965 —
1176 1941 1255 1979 789.
1281 1941 1419 1986 Tengo
1445 1953 1519 1979 con
1543 1941 1595 1978 M.
1617 1953 1639 1978 e
1666 1941 1757 1987 Brg.
1776 1941 1806 1978 -il

310 2002 399 2026 mss.
421 1993 613 2035 repetunt,
638 1991 790 2025 mutato
815 1987 855 2024 in
882 1987 1066 2033 referunt
1092 1987 1142 2025 da
1167 1988 1210 2025 L.
1233 2000 1254 2026 e
1272 1988 1336 2035 B.;
1364 2002 1385 2026 e
1412 1990 1546 2035 oculis,
1567 1987 1730 2027 anziche
1751 2001 1806 2026 un

309 2037 510 2082 superfluo
530 2036 678 2081 dativo,
703 2035 794 2073 sara
819 2048 872 2072 un
895 2035 1092 2082 ablativo3
1123 2035 1138 2051 ‘⁴
1156 2049 1176 2073 e
1199 2036 1301 2081 cogli
1323 2036 1431 2074 occhi
1452 2036 1569 2081 [colla
1590 2039 1714 2074 testa:
1740 2036 1807 2074 nel

313 2085 430 2129 quale
465 2086 706 2121 movimento
740 2083 846 2120 della
880 2086 984 2120 testa
1016 2084 1056 2120 la
1090 2083 1290 2121 direzione
1324 2096 1346 2121 e
1380 2083 1665 2130 l’espressione
1701 2083 1806 2122 dello

308 2131 483 2177 sguardo
510 2132 562 2169 ha
587 2144 667 2168 una
694 2143 794 2176 gran
819 2133 952 2176 parte3
986 2132 1099 2168 tanto
1125 2131 1195 2176 piu
1227 2143 1269 2169 se
1303 2132 1337 2168 si
1369 2133 1495 2170 tratta
1521 2131 1560 2169 di
1592 2131 1802 2175 ballerine]

308 2192 441 2218 vanno
469 2179 596 2217 dietro
622 2179 700 2217 alle
725 2191 915 2216 movenzc
942 2177 1143 2224 (aestum),
1169 2178 1455 2217 accordandosi
1480 2179 1608 2217 anche
1633 2179 1663 2217 il
1679 2179 1806 2217 movi-

307 2230 440 2265 mento
467 2227 531 2264 dei
556 2226 661 2272 picdi
682 2256 718 2274 „.
743 2227 856 2271 Dopo
882 2226 909 2262 il
935 2226 1120 2269 generice
1145 2226 1319 2264 membra
1343 2238 1498 2265 movere
1525 2227 1620 2265 vien
1646 2226 1802 2273 specifi—

307 2274 446 2319 cando‚
473 2287 553 2312 non
579 2287 698 2311 senza
724 2272 882 2319 perche,
915 2273 942 2309 il
975 2274 1214 2311 movimento
1252 2273 1355 2312 delle
1388 2274 1561 2321 bruccia,
1593 2273 1658 2312 dei
1685 2274 1805 2321 medi,

307 2322 411 2360 della
437 2325 553 2360 testa.
580 2323 636 2360 Le
662 2321 822 2359 braccia
849 2321 983 2358 hanno
1009 2321 1048 2358 la
1074 2326 1188 2366 parte
1215 2322 1452 2368 principa103
1489 2322 1552 2360 del
1585 2321 1700 2367 piede
1725 2334 1805 2360 non

308 2370 341 2407 si
367 2369 453 2407 dice
480 2370 551 2407 che
579 2369 630 2406 da
654 2369 793 2407 ultimo
821 2381 893 2406 con
919 2381 974 2404 un
1000 2369 1187 2414 semplice
1213 2369 1291 2407 abl.
1319 2382 1396 2408 ass,
1419 2370 1514 2416 pede
1538 2371 1805 2408 convenienti:

306 2430 384 2455 non
411 2417 443 2454 si
469 2417 640 2455 trattera
666 2417 826 2461 dunque
861 2416 988 2453 d’una
1021 2429 1118 2454 vera
1145 2417 1285 2462 danza,
1317 2430 1381 2454 ma
1414 2417 1539 2455 d’una
1573 2420 1804 2467 χειρονομία,

309 2466 381 2503 che
407 2464 428 2502 ὲ
456 2468 632 2510 appunto
658 2477 739 2502 una
764 2464 921 2501 ritmica
942 2465 1267 2519 gesticolazione,
1299 2469 1614 2510 accompagnata
1646 2464 1696 2502 da
1722 2477 1804 2502 una

307 2517 568 2556 ondulazione
596 2517 700 2555 della
728 2529 907 2562 persona.
933 2518 965 2554 E
993 2517 1099 2555 bella
1125 2530 1147 2555 e
1173 2517 1471 2563 sempiificante,
1490 2530 1554 2555 ma
1574 2529 1654 2556 non
1670 2529 1805 2556 neces-

306 2567 424 2611 saria,
450 2566 488 2602 la
515 2565 794 2614 emendazione
816 2565 879 2602 del
902 2564 1053 2602 Creech
1075 2566 1167 2603 ollis
1187 2577 1258 2610 per
1280 2566 1414 2609 oeulis,
1436 2567 1657 2611 approvato,
1678 2565 1803 2603 anche

308 2614 372 2650 dal
398 2614 579 2660 Brieger,
606 2612 709 2651 eice:
737 2617 772 2650 et
797 2616 977 2659 repetunt
1001 2618 1151 2657 yestum
1173 2614 1269 2659 pede
1295 2613 1388 2651 ollis
1422 2613 1637 2659 (brachiis)
1672 2624 1801 2651 eonve-

306 2664 442 2699 wienti.
540 2682 585 2686 —-
613 2662 700 2698 799.
726 2661 886 2697 madent
897 2674 910 2704 ‚·
943 2659 1038 2697 Hor.
1071 2661 1128 2699 ool.
1155 2660 1217 2697 III
1243 2662 1277 2698 9.
1310 2660 1526 2698 Socraticis
1557 2661 1688 2698 madet
1721 2673 1802 2698 ser·

305 2709 497 2746 monibus.
602 2729 647 2733 ——
681 2708 812 2755 facere
845 2709 957 2745 ludos
992 2710 1009 2723 “
1031 2708 1103 2745 dar
1136 2709 1515 2753 rappresentazione
1535 2735 1574 2754 „‚
1607 2707 1695 2746 coll’
1709 2707 1800 2745 idea

305 2757 538 2795 seeondaria
572 2756 610 2793 di
634 2756 650 2772 “
674 2756 846 2794 burlarsi
873 2755 977 2793 della
1012 2759 1130 2800 gente
1151 2782 1181 2802 „.
1298 2775 1340 2781 —
1375 2756 1461 2794 793.
1488 2756 1590 2802 quod
1613 2757 1803 2794 sentimus
1856 2756 1861 2787 ἶ
