1872 3002
332 152 389 198 74
744 151 830 198 DE
861 149 1093 198 RERUM
1123 148 1401 198 NATURA

261 259 331 296 590
362 245 474 304 quin
505 246 646 293 etiam
679 245 784 292 finis
816 244 926 291 dum
959 245 1082 292 vitae
1113 244 1314 292 vertitur
1342 245 1480 303 intra,

361 327 493 370 saepe
524 311 683 370 aliqua
714 314 871 356 tamen
904 326 927 356 e
960 325 1101 358 causa
1131 308 1361 357 labefacta
1392 309 1579 358 videtur

362 376 428 423 ire
460 376 617 422 anima
649 391 702 422 ac
732 379 829 422 toto
861 374 979 422 solui
1010 375 1065 422 de
1097 390 1284 434 corpore
1315 375 1436 433 velle,

363 446 406 488 et
438 441 571 500 quasi
602 456 813 498 supremo
845 439 1143 499 languescere
1175 445 1377 500 tempore
1409 440 1575 500 voltus,

362 506 608 566 molliaque
639 505 868 564 exsangui
899 509 1061 553 trumo
1095 505 1255 553 eadere
1287 506 1443 553 omnia
1473 506 1692 554 membra.

262 584 331 621 595
363 572 484 631 quod
516 587 660 629 genus
693 575 773 628 est,
808 570 961 618 animo
993 571 1111 618 male
1142 571 1317 618 factum
1347 587 1452 619 cum
1486 571 1753 631 perhibetur

363 642 444 685 aut
476 636 680 683 animam
711 635 922 695 liquisse;
956 636 1036 684 ubi
1067 636 1162 683 iam
1193 636 1450 696 trepidatur
1481 642 1527 684 et
1557 653 1715 686 omnes

366 708 620 749 extremum
656 701 847 760 cupiunt
878 701 1002 749 vitae
1035 701 1364 761 reprehendere
1395 701 1622 750 vinclum:

366 771 698 827 conquassatur
729 767 853 814 enim
885 770 985 814 tum
1018 783 1144 815 mens
1177 767 1449 831 animaeque
1481 772 1680 827 potestas

365 834 526 891 omnis,
559 838 603 880 et
634 832 748 880 haec
779 832 876 891 ipso
909 848 1013 880 cum
1046 848 1236 892 corpore
1268 832 1589 891 conlabefiunt,

336 991 416 1027 612.
441 988 456 1004 “
477 989 649 1033 D-unque
671 987 829 1033 quando
852 987 880 1025 il
901 1000 1019 1034 corpo
1042 987 1063 1026 e
1084 992 1223 1035 morto,
1243 989 1404 1027 l'anima
1424 988 1446 1028 ὲ
1467 989 1535 1036 gia
1554 990 1680 1030 bell’e
1697 993 1825 1030 morta

336 1036 562 1082 anch’essa‚
601 1036 745 1081 perche
783 1035 850 1080 gia
887 1036 1115 1075 dilaniatasi
1149 1037 1337 1082 (durante
1367 1037 1407 1076 la
1440 1040 1583 1083 morte)
1613 1038 1679 1077 nel
1704 1050 1824 1085 corpo

336 1089 460 1123 stesso
488 1085 526 1130 (e
549 1083 813 1122 nell⁷uscirne
840 1083 890 1121 da
916 1085 1009 1129 ogni
1034 1088 1149 1130 parte
1175 1085 1215 1122 di
1235 1086 1349 1129 esso).
1366 1112 1386 1129 ‚,
1413 1085 1490 1130 Qui
1509 1098 1532 1124 e
1553 1086 1634 1125 cosi
1650 1086 1823 1125 soltanto

337 1134 369 1170 si
386 1132 540 1177 capisee
556 1131 779 1177 l'aggiunta
794 1131 833 1169 di
847 1134 889 1169 in
908 1144 1066 1178 corpore
1083 1136 1159 1171 toto
1176 1145 1200 1170 a
1218 1133 1453 1171 distractam
1465 1134 1643 1179 periisse.
1658 1133 1824 1179 [Heinze

338 1181 538 1219 riconosce
560 1180 632 1217 che
654 1180 784 1224 questi
812 1178 888 1217 due
914 1180 1020 1217 versi
1045 1192 1125 1218 non
1151 1180 1284 1219 hanno
1311 1181 1422 1219 nulla
1440 1194 1464 1219 a
1480 1181 1553 1219 che
1570 1181 1738 1220 faretra
1755 1182 1824 1219 795

338 1242 358 1266 e
385 1230 470 1272 798;
496 1240 560 1264 ma
586 1227 748 1264 difende
774 1227 814 1264 la
839 1227 924 1265 loro
950 1227 1149 1272 posizione
1176 1227 1227 1270 la,
1253 1240 1326 1266 con
1351 1241 1406 1266 un
1431 1229 1734 1274 ragionamento
1759 1241 1825 1267 eu·

336 1277 452 1321 rioso,
472 1287 507 1320 o,
531 1287 602 1320 per
628 1275 689 1312 dir
715 1275 871 1319 meglio,
898 1275 1019 1313 molto
1045 1288 1143 1321 poco
1169 1275 1411 1314 afferrabile.
1435 1276 1484 1314 In
1510 1279 1708 1324 sostanza,
1727 1288 1824 1322 pare

337 1337 361 1361 a
379 1324 435 1360 lui
453 1323 525 1361 che
545 1324 557 1360 i
577 1322 654 1360 due
679 1322 785 1360 versi
810 1322 1044 1361 starebbero
1070 1335 1185 1362 meno
1211 1323 1314 1361 male
1340 1323 1442 1370 dopo
1463 1323 1723 1370 l'argomento
1740 1325 1826 1362 613-

337 1373 404 1409 621
432 1372 496 1414 (no
507 1371 543 1416 1),
568 1382 632 1407 ma
659 1370 731 1408 che
756 1370 947 1408 Luerezio
974 1370 1139 1409 anziche
1165 1371 1341 1409 lasciarli
1365 1371 1417 1417 la,
1442 1372 1495 1409 ha
1519 1371 1721 1418 preferito'
1738 1374 1822 1409 tra-

337 1418 522 1465 sportarli
549 1417 651 1463 dopo
676 1418 936 1463 l’argomento
963 1419 1131 1465 782-795,
1155 1418 1301 1464 perche
1327 1423 1467 1464 questo
1492 1431 1572 1458 non
1597 1418 1620 1458 ὸ
1645 1419 1719 1458 che
1745 1431 1826 1457 una

338 1465 570 1512 ripetizione
596 1465 931 1510 dell’argomento
957 1464 1126 1504 613-621.
1151 1467 1256 1510 (5³01.

432 1512 614 1551 590-604.
639 1513 672 1550 E
698 1525 722 1550 a
747 1513 910 1558 riprova
936 1513 1092 1551 ricorda
1117 1526 1172 1551 un
1197 1526 1288 1552 caso
1322 1514 1510 1560 (analogo
1537 1527 1562 1553 a
1588 1513 1649 1552 de’
1664 1513 1733 1560 gia
1757 1514 1827 1552 ad-

339 1562 440 1600 dotti
466 1573 576 1599 come
602 1573 725 1606 prove
758 1561 931 1605 dirette),
967 1560 1067 1599 dove
1101 1561 1126 1598 l'
1142 1561 1275 1600 anima
1309 1564 1352 1599 in
1387 1574 1546 1610 corpore
1580 1563 1827 1601 distrahitur

338 1609 758 1654 indipendentemente
790 1608 897 1646 dalla
930 1613 1068 1656 morte,
1107 1610 1134 1647 il
1166 1621 1258 1647 caso
1291 1609 1418 1648 d’una
1451 1611 1612 1656 sincope
1644 1621 1668 1648 o
1698 1610 1827 1648 sveni-

339 1661 483 1695 mento.
509 1656 618 1701 Quin
645 1659 763 1694 etiam
787 1657 840 1693 ha
866 1656 933 1702 quj
959 1659 1064 1694 tutto
1091 1657 1117 1694 il
1143 1669 1214 1694 suo
1240 1657 1393 1696 valore:
1427 1658 1446 1676 “
1465 1657 1537 1697 che
1562 1657 1668 1704 anzi,
1699 1657 1826 1695 auehe

339 1704 498 1750 quando
525 1704 789 1750 quest’anima
814 1706 980 1742 vertitur
1005 1706 1116 1742 intra
1141 1705 1239 1751 fines
1263 1707 1377 1750 vitae,
1401 1704 1424 1743 ὲ
1449 1717 1597 1744 ancora
1615 1705 1682 1743 nel
1702 1715 1824 1748 corso,

339 1766 417 1791 non
435 1751 456 1790 ὲ
474 1764 622 1790 ancora
647 1752 825 1790 arrivata
846 1752 885 1789 al
911 1753 1091 1798 termine,
1109 1751 1214 1790 della
1235 1753 1318 1790 vita
1338 1765 1415 1791 ecc.
1434 1779 1452 1796 „
1550 1772 1596 1779 —
1615 1751 1701 1789 592.
1720 1753 1827 1798 velle,

339 1801 441 1838 bene
466 1800 495 1837 il
519 1800 751 1838 Lachmann
776 1812 847 1844 per
873 1801 1005 1838 omnia
1030 1800 1202 1838 membra
1227 1812 1316 1838 mss,
1341 1804 1490 1839 venuto
1516 1800 1583 1846 qui
1609 1812 1680 1846 per
1703 1800 1828 1838 svista

340 1848 390 1886 da
410 1849 492 1886 594.
593 1868 625 1872 -
651 1848 735 1885 593.
753 1850 871 1894 quasi
886 1859 1063 1894 supremo
1079 1874 1086 1882 .
1103 1878 1111 1885 .
1127 1877 1135 1885 .
1157 1852 1324 1895 tempore
1343 1847 1360 1864 “
1377 1860 1486 1887 come
1504 1860 1546 1887 se
1563 1848 1669 1886 fosse
1685 1847 1828 1894 giunta.

338 1896 513 1934 l'ultima
538 1908 608 1932 ora
625 1922 657 1939 „.
757 1915 798 1920 —-
824 1894 912 1933 594.
939 1899 1089 1939 trunco,
1115 1895 1308 1941 aggiunto
1326 1894 1393 1933 dal
1410 1896 1643 1934 Lachmann
1661 1907 1682 1934 e
1702 1899 1828 1934 accet-

340 1946 425 1981 tato
444 1943 509 1980 dal
527 1943 679 1980 Munro.
699 1943 733 1980 Il
751 1943 869 1980 Bern.
893 1945 1091 1989 exsanqui
1110 1944 1247 1981 cadere
1268 1945 1476 1982 horrore
1496 1945 1628 1982 omnia
1645 1942 1828 1981 membra.
1861 1972 1871 1983 .

339 1991 407 2030 O’e
433 1991 559 2029 anche
586 1991 625 2028 la
650 1995 840 2036 proposta
866 2003 1024 2037 corpore
1050 1993 1112 2028 tra
1138 1993 1273 2029 omnia
1298 2004 1319 2029 e
1344 1991 1540 2030 membra:
1563 1990 1828 2036 improbabile

340 2039 406 2084 gia
423 2051 494 2084 per
511 2037 571 2076 cib
590 2038 662 2076 che
688 2039 727 2075 la
753 2038 983 2084 dittografia
1009 2040 1142 2076 omnia
1166 2039 1339 2077 membra
1356 2034 1396 2076 di
1416 2039 1486 2077 592
1506 2051 1603 2084 pare
1623 2038 1828 2077 escludere

341 2088 412 2125 che
429 2087 467 2124 la
484 2087 629 2123 lacuna
648 2086 747 2124 cada
761 2089 824 2124 tra
839 2089 978 2131 queste
997 2086 1074 2123 due
1088 2086 1236 2131 parole.
1250 2086 1286 2123 ΙΙ
1299 2087 1392 2132 Brg.
1406 2089 1563 2132 stampa
1580 2098 1752 2134 corpore,
1765 2098 1828 2123 ma

341 2135 405 2172 nei
423 2134 702 2180 Proleqomena
719 2135 943 2172 sostituisce
957 2133 1063 2180 facie
1077 2134 1178 2180 dopo
1193 2136 1397 2180 exsanqui,
1414 2132 1559 2179 perche
1575 2135 1592 2154 “
1604 2146 1683 2172 non
1699 2133 1829 2172 solent

341 2182 437 2220 nudi
459 2194 543 2220 esse
566 2194 732 2226 quorum
759 2183 890 2220 animo
913 2182 1015 2219 male
1038 2181 1124 2226 fit„.
1146 2182 1212 2219 Ma
1238 2182 1271 2220 si
1297 2181 1374 2227 pub
1401 2181 1609 2220 intendere
1635 2182 1830 2227 exsanyui

342 2229 406 2267 nel
432 2242 547 2267 senso
574 2230 645 2266 che
668 2229 689 2267 ὸ
710 2229 816 2267 nella
842 2234 976 2267 nostra
1003 2230 1249 2274 espressione
1274 2228 1290 2245 “
1309 2242 1390 2267 non
1415 2229 1467 2268 ho
1492 2229 1562 2274 piu
1585 2241 1667 2266 una
1692 2228 1830 2274 goccia

341 2277 381 2314 di
402 2289 554 2322 sangue
580 2277 686 2315 nelle
712 2289 813 2314 vene
835 2304 872 2320 „.
899 2277 994 2321 [Off.
1021 2277 1160 2318 anche,
1186 2289 1260 2315 con
1285 2277 1448 2319 Heinze,
1472 2277 1541 2315 154
1563 2277 1828 2324 palloremque

342 2327 506 2363 existere
532 2328 608 2362 tato
633 2337 802 2371 corpore,
824 2324 924 2362 dove
948 2325 987 2362 al
1014 2325 1100 2369 pari
1126 2324 1165 2362 di
1191 2325 1260 2370 qui
1284 2325 1363 2363 non
1385 2323 1406 2362 ὸ
1427 2329 1551 2370 punto
1577 2326 1768 2370 supposta.
1789 2323 1829 2361 la

339 2372 506 2416 nuditaL
532 2362 565 2410 E
594 2372 662 2417 piu
688 2373 873 2409 naturale
900 2374 1098 2418 exsanqui
1122 2377 1260 2411 trunco
1287 2373 1328 2410 in
1353 2375 1543 2418 rapporto
1569 2371 1729 2410 causale
1755 2382 1828 2409 con

341 2421 477 2458 mollia
503 2421 640 2458 cadere
677 2419 861 2463 membra,
887 2420 959 2457 che
998 2422 1192 2463 exsamlui
1215 2420 1331 2467 facie,
1356 2432 1466 2458 come
1494 2419 1680 2465 semplice
1708 2419 1826 2457 circo·

341 2471 480 2506 stanza
499 2467 802 2506 concomitante.
898 2486 946 2493 —
962 2468 1043 2504 596.
1073 2467 1088 2482 “
1110 2467 1229 2506 Come
1249 2467 1408 2513 quando
1428 2467 1461 2505 si
1479 2479 1604 2505 usano
1621 2466 1660 2505 le
1679 2478 1830 2512 espres-

341 2516 461 2553 sioni:
489 2516 544 2560 gli
570 2514 591 2553 ὸ
617 2519 764 2553 venuto
797 2514 899 2552 male
925 2515 1006 2559 (all'
1018 2515 1184 2560 anima),
1210 2514 1231 2553 ὲ
1258 2515 1475 2553 esanimato
1491 2541 1530 2558 „.
1627 2534 1670 2540 —
1697 2516 1830 2552 animo

341 2563 442 2600 male
461 2562 610 2609 factum
628 2575 719 2608 esse,
736 2575 757 2600 e
777 2564 951 2599 animam
970 2564 1132 2610 liquisse
1152 2563 1250 2600 frasi
1268 2562 1600 2608 plautine3Miles
1612 2561 1712 2608 qlor.
1725 2559 1831 2598 1331.

346 2613 447 2648 1346.
537 2630 584 2636 —
603 2611 763 2657 liquisse
781 2610 850 2648 cfr.
873 2610 1101 2657 deliquium.
1119 2610 1224 2648 Svet.
1242 2611 1262 2647 Ι
1279 2612 1325 2649 45
1341 2614 1498 2657 repente
1513 2611 1646 2647 animo
1663 2609 1828 2656 linqui...

342 2659 500 2696 solebat.
527 2658 666 2696 Anehe
692 2657 721 2695 il
747 2657 830 2696 solo
857 2658 990 2704 linqui
995 2671 1011 2704 ;
1036 2657 1107 2696 Ov.
1130 2657 1225 2696 Her.
1243 2658 1284 2695 II
1311 2659 1398 2696 130:
1425 2657 1586 2704 linquor
1611 2660 1647 2694 et
1667 2655 1830 2694 ancillis

344 2706 573 2752 excipienda
595 2707 699 2743 cado.
802 2726 838 2730 -
868 2705 945 2741 596
973 2718 1028 2750 sg.
1058 2705 1074 2721 ‘⁴
1095 2705 1127 2742 Ε
1153 2706 1247 2743 tutti
1273 2706 1565 2743 ansiosamente
1586 2703 1619 2742 si
1643 2702 1829 2741 studiano

343 2753 382 2791 di
409 2753 660 2792 richiarnarlo
686 2752 766 2790 alla
792 2753 875 2791 vita
896 2782 911 2799 „
941 2753 1009 2791 cfr.
1036 2754 1102 2791 467
1130 2765 1187 2799 sg.
1286 2773 1326 2779 —
1354 2753 1442 2790 599.
1468 2752 1582 2798 haec,
1606 2749 1775 2790 secondo
1799 2750 1829 2789 il
