1872 3002
301 171 386 216 124
711 167 797 214 DE
828 166 1061 214 RERUM
1091 165 1369 214 NATURA

226 279 295 315 980
328 265 408 312 scd
442 263 590 322 magis
620 263 669 310 in
700 263 798 310 vita
830 262 985 309 divom
1016 265 1165 309 metus
1196 266 1331 320 urget
1362 261 1514 310 inanis

327 329 546 385 mortalis,
574 343 819 386 casumque
850 327 1015 374 timent
1047 343 1182 386 quem
1215 326 1378 385 cuique
1408 327 1530 374 ferat
1559 327 1668 377 fors.

326 411 410 441 nee
441 393 611 451 Tityon
647 392 854 439 volueres
886 391 1047 438 ineunt
1079 390 1347 438 Acherunte
1380 391 1620 451 iacentem,

326 475 411 506 nec
443 458 564 518 quod
597 459 680 505 sub
710 473 881 515 magno
913 461 1178 504 scrutentur
1211 461 1403 515 pectore
1423 457 1668 517 quicquam

331 529 593 584 perpetuam
625 527 826 570 aetatem
858 526 1047 580 possunt
1079 522 1280 580 reperire
1313 522 1527 581 profecto.

227 605 296 643 985
329 588 580 649 quamlibet
611 586 803 633 immani
837 586 1042 645 proiectu
1074 586 1275 644 corporis
1308 590 1467 644 exstet,

328 655 405 714 qui
438 669 529 701 non
561 652 657 699 sola
688 667 853 699 novem
885 651 1098 710 dispessis
1131 651 1293 709 iugera
1325 652 1542 700 membris

328 720 546 779 optineat,
580 717 660 765 sed
691 717 771 776 qui
802 717 942 763 terrai
976 717 1116 765 totius
1148 717 1318 774 orbem,

328 802 419 832 non
451 789 607 831 tamen
640 787 878 830 aeternum
911 782 1078 842 poterit
1110 781 1309 840 perferre
1342 781 1544 831 dolorem

328 867 410 897 nec
443 849 658 906 praebere
691 848 843 894 cibum
876 847 1060 906 proprio
1093 847 1149 894 dc
1182 863 1368 906 corpore
1400 864 1590 908 semper.

228 932 298 968 990
329 916 406 964 sed
439 915 599 973 Tityos
631 913 762 961 nobis
794 913 869 960 hic
900 918 980 971 est,
1014 913 1062 959 in
1095 928 1249 959 amore
1279 913 1504 961 iacentem

330 997 460 1041 quem
495 979 706 1028 volucres
738 979 942 1025 lacerant
975 983 1111 1037 atque
1144 982 1271 1024 exest
1303 978 1470 1026 anxius
1501 995 1649 1039 angor

330 1052 410 1094 aut
442 1046 534 1093 alia
566 1044 728 1103 quavis
760 1044 976 1091 scindunt
1010 1043 1260 1102 cuppedine
1294 1054 1444 1091 curae.

330 1111 552 1170 Sisyphus
583 1111 631 1156 in
664 1110 761 1156 vita
795 1125 973 1168 quoque
1004 1109 1136 1155 nobis
1168 1113 1274 1155 ante
1306 1109 1459 1157 oculos
1490 1114 1572 1169 est,

330 1179 409 1237 qui
441 1181 592 1236 petere
625 1192 652 1222 a
683 1175 850 1234 populo
882 1175 1027 1222 fasces
1060 1191 1312 1234 saevasque
1344 1192 1525 1224 secures

230 1255 299 1292 995
331 1242 527 1299 imbibit,
560 1246 604 1288 et
635 1257 812 1300 semper
844 1240 992 1287 victus
1024 1240 1261 1300 tristisque
1293 1241 1479 1288 recedit.

1865 1350 1872 1364 ,-
1844 579 1872 1329 ,;.1...ζέι-ιινΛἉαΑί-ΩιῦὲᾯώΔ-Ἦωῂμῗὲδὲἳᾶ-ΓΨ
1851 546 1856 555 ‘
1852 476 1859 484 ‘
1847 419 1856 436 ·.
1852 394 1862 399 ὗ

303 1434 539 1481 impendens.
638 1453 681 1457 —
706 1433 788 1470 979.
814 1444 927 1470 cassa
953 1431 1068 1477 form.
1095 1432 1222 1470 anche
1250 1434 1352 1470 1047.
1457 1454 1504 1459 —
1529 1435 1614 1472 981.
1640 1447 1788 1479 casum,

305 1485 323 1501 ‘⁴
343 1484 534 1520 sventura
555 1495 591 1527 „3
618 1493 682 1517 ma
704 1492 776 1517 eon
799 1479 984 1517 evidente
1003 1492 1023 1517 0
1045 1480 1160 1517 felice
1183 1481 1378 1519 allusione
1399 1481 1438 1519 al
1459 1494 1576 1520 casus
1595 1482 1660 1521 del
1680 1495 1790 1521 sasso
1859 1490 1861 1492 ’

303 1529 504 1567 tantalico.
580 1548 622 1553 —
640 1528 722 1564 983.
741 1527 812 1564 sub
831 1539 972 1573 mayno
992 1532 1141 1573 pectore
1163 1527 1178 1543 ‘⁴
1196 1528 1336 1566 dentro
1353 1529 1387 1566 *il
1407 1532 1518 1575 petto
1545 1542 1615 1575 per
1641 1535 1790 1576 quanto

305 1577 457 1623 grande
482 1607 512 1622 ,,,
539 1576 609 1613 cfr.
635 1576 705 1613 985
731 1588 787 1619 sg.
899 1595 945 1599 —-
969 1574 1058 1612 984.
1078 1588 1184 1622 perp.
1212 1580 1388 1628 aetatem,
1414 1577 1656 1624 avverbiale,
1682 1588 1791 1616 come

305 1635 468 1668 aetatem
481 1629 539 1667 VI
555 1630 636 1666 236.
712 1648 754 1653 —
771 1626 857 1664 985.
880 1631 1000 1665 exstet
1025 1628 1039 1643 “
1057 1629 1087 1664 si
1107 1628 1248 1665 stenda
1265 1658 1294 1674 „.
1313 1629 1346 1666 E
1364 1630 1390 1666 il
1410 1630 1525 1668 solito
1543 1635 1709 1677 exstare,
1727 1643 1792 1669 ma

304 1680 344 1716 in
371 1690 486 1716 senso
513 1676 764 1715 orizzontale.
863 1695 905 1700 -—
929 1675 1020 1712 986.
1047 1677 1245 1722 dispessis,
1272 1676 1341 1714 cfr.
1365 1678 1415 1722 II,
1444 1679 1546 1715 1126.
1573 1678 1652 1716 Ofr.
1670 1679 1791 1724 Verg.

304 1726 403 1764 Aen.
431 1725 485 1762 Vi
509 1726 590 1762 595.
687 1744 733 1748 —
759 1723 846 1760 991.
880 1723 1054 1761 volucres
1080 1724 1271 1765 lacerant,
1311 1725 1448 1762 idest
1482 1728 1631 1764 anxius
1663 1739 1792 1773 anyer

306 1778 410 1811 exest
437 1777 471 1810 et
505 1772 691 1809 scindunt
717 1782 845 1808 curae.
880 1770 970 1808 Oosi
996 1771 1132 1816 spiega
1167 1772 1293 1810 anche
1324 1772 1350 1809 il
1377 1772 1532 1812 Munro.
1566 1773 1602 1811 11
1626 1773 1792 1820 Brieger

304 1825 419 1859 trova
445 1819 707 1857 insufficiente
739 1818 778 1855 la
804 1818 1068 1863 spiegazionc,
1102 1831 1123 1856 e
1151 1824 1269 1857 mette
1295 1832 1376 1859 una
1402 1821 1562 1859 lacuna:
1598 1833 1708 1868 quem
1732 1834 1792 1858 vo-
1863 1825 1872 1831 “

306 1869 433 1906 lucres
460 1869 638 1905 lacerant
672 1866 806 1911 [curae
831 1874 1048 1912 summeque
1079 1878 1259 1914 sequaces
1294 1874 1328 1907 et
1354 1868 1465 1906 dolor
1489 1881 1610 1916 usque
1633 1868 1788 1914 recens]

306 1921 419 1963 atque
446 1919 551 1953 exest
582 1917 667 1958 etc„
694 1926 764 1959 per
796 1918 977 1951 ottenere
1003 1926 1058 1950 un
1084 1914 1187 1952 altro
1214 1927 1342 1959 curae,
1377 1916 1449 1953 che
1475 1917 1574 1964 qui,
1598 1916 1724 1954 anche
1750 1917 1791 1953 in

305 1964 508 2008 Lucrezio,
533 1962 699 1999 farebbe
726 1961 982 2006 meraviglia3
1009 1973 1030 1998 0
1056 1973 1164 1999 001110
1191 1963 1316 2002 riesce
1339 1963 1516 2008 sgradito
1541 1963 1606 2010 poi
1630 1963 1659 2001 il
1685 1964 1791 2003 volu-

306 2024 390 2049 cres
416 2012 453 2048 in
482 2022 596 2048 senso
630 2009 710 2046 cosi
742 2009 898 2046 diverso
933 2008 972 2045 di
1007 2021 1103 2053 poco
1138 2010 1276 2054 prima.
1307 2010 1699 2056 L'interpretazione
1725 2011 1787 2048 del

305 2060 446 2096 Munro
464 2069 589 2103 appar
615 2057 873 2102 confermata,
900 2057 1049 2102 invece‚
1076 2069 1117 2094 se
1145 2057 1176 2094 si
1203 2069 1364 2098 osserva
1390 2070 1498 2097 come
1525 2059 1558 2096 si
1582 2059 1702 2096 studii
1724 2058 1793 2104 qui
1856 2070 1861 2073 ·

305 2106 496 2144 Lucrezio
523 2105 562 2142 di
589 2104 806 2141 assimilare
833 2104 870 2141 le
892 2103 1112 2141 condizioni
1139 2104 1177 2141 di
1198 2106 1427 2145 Acheronte
1453 2119 1474 2144 e
1499 2106 1538 2145 le
1563 2109 1698 2144 nostre
1723 2118 1792 2144 an-

307 2155 379 2192 che
405 2154 507 2191 colla
544 2151 714 2189 identita
749 2151 855 2189 della
880 2151 1032 2196 parola.
1069 2151 1244 2190 Abbiam
1273 2155 1372 2193 visto
1404 2166 1449 2191 or
1473 2166 1544 2192 ora
1570 2166 1702 2192 casum
1727 2154 1792 2192 1101

306 2202 450 2247 doppio
476 2212 612 2244 senso;
639 2199 823 2236 abbiamo
842 2199 909 2243 qui
927 2211 1044 2243 sopra
1071 2201 1113 2236 in
1141 2213 1270 2238 amore
1295 2205 1494 2246 iacentem,
1521 2213 1590 2239 eco
1615 2201 1792 2239 studiata

307 2249 346 2286 di
364 2249 588 2286 Acherunte
610 2249 797 2284 iacentem
818 2247 898 2284 982.
926 2246 960 2282 11
982 2249 1116 2283 nostro
1139 2248 1313 2287 volucres
1333 2262 1411 2288 11011
1432 2248 1454 2286 ὲ
1476 2249 1548 2287 0110
1565 2261 1621 2286 1111
1641 2248 1703 2295 po’
1723 2249 1792 2294 pisi

308 2296 448 2334 ardito.
466 2295 542 2333 Del
561 2297 667 2332 resto
690 2298 804 2340 atque
823 2310 864 2323 =
885 2295 928 2331 id
945 2298 1000 2331 est
1018 2293 1038 2330 e
1058 2294 1245 2337 risanuto.
1333 2317 1374 2322 —
1394 2296 1483 2334 992.
1502 2297 1592 2335 Non
1613 2297 1646 2334 si
1667 2298 1792 2334 tratta
1864 2324 1867 2326 -

307 2344 345 2381 di
372 2344 601 2388 qualunque
637 2354 783 2386 genere
810 2341 847 2377 di
875 2354 1005 2395 cmjae,
1037 2354 1100 2378 ma
1127 2342 1165 2378 di
1192 2344 1323 2387 quelle
1359 2346 1443 2389 che,
1469 2357 1578 2382 come
1603 2344 1628 2381 l‘
1643 2355 1790 2388 amore,

307 2391 531 2429 consistono
558 2391 597 2427 in
619 2401 700 2426 una
726 2389 875 2434 cupido.
903 2387 972 2442 Cio
999 2390 1166 2433 esprime
1194 2391 1219 2427 il
1246 2405 1373 2438 verso,
1397 2393 1470 2430 che
1491 2404 1568 2430 non
1595 2392 1648 2428 ha
1666 2395 1790 2436 punto

307 2439 473 2484 bisogno
509 2437 547 2474 di
582 2436 789 2474 medicina.
822 2436 856 2472 Il
883 2436 1049 2480 Bmeger
1086 2441 1241 2476 accetta
1268 2440 1306 2476 la
1331 2441 1519 2486 proposta
1545 2439 1607 2476 del
1634 2439 1790 2476 Bruno:

308 2491 378 2524 aut
415 2486 520 2523 aliae
552 2484 706 2538 (genit.)
731 2485 964 2538 qzcoz'us,.3.
1003 2485 1225 2530 cuppedini'
1251 2499 1382 2525 curae.
1477 2507 1522 2512 —
1549 2487 1637 2522 990.
1663 2486 1789 2531 nobis,
1860 2525 1866 2534 ξ,

305 2532 470 2571 anziche
489 2532 624 2570 dativo
644 2534 745 2569 ctlco
763 2530 881 2568 verra
903 2530 986 2567 dire
1007 2531 1022 2546 ‘⁸
1039 2543 1063 2567 a
1083 2533 1162 2577 noi,
1179 2533 1241 2571 fra
1259 2535 1323 2572 noi
1345 2535 1425 2573 vivi
1442 2561 1473 2580 „.
1547 2553 1585 2559 -—
1613 2534 1701 2570 991.
1721 2545 1792 2571 an-
1850 2535 1863 2582 j

307 2584 400 2619 acius
427 2593 552 2627 anyer
576 2579 719 2623 (anche
738 2577 794 2614 VI
814 2578 919 2620 1156)
947 2578 1016 2615 cfr.
1035 2578 1054 2615 I
1070 2580 1140 2616 826
1158 2584 1290 2619 sonitu
1305 2610 1313 2618 .
1329 2612 1337 2621 .
1354 2610 1362 2617 .
1379 2583 1552 2620 sonanti.
1570 2581 1651 2620 Ofr.
1667 2580 1789 2626 Verg.
1850 2583 1855 2611 Ἃ

308 2630 407 2666 Aen.
427 2628 488 2665 IX
513 2629 560 2665 89
586 2629 703 2664 timor
728 2627 876 2662 anoeius
901 2627 1023 2671 anqit.
1119 2647 1167 2652 -
1191 2629 1275 2664 994.
1303 2630 1381 2669 Cfr.
1410 2630 1445 2666 V
1474 2630 1575 2666 1232.
1605 2628 1792 2675 pulchros

308 2676 433 2722 fascis
465 2687 674 2721 saevasque
707 2685 871 2710 secures,
912 2673 1010 2709 Aen.
1045 2673 1102 2710 VI
1139 2677 1219 2713 819.
1264 2677 1448 2716 Consulis
1484 2678 1692 2723 imperium
1728 2675 1790 2713 hic
1842 2683 1845 2689 ”

307 2725 460 2770 primns
480 2725 688 2768 Saevasque
708 2732 861 2758 secures
882 2722 1054 2766 accipiet.
1140 2742 1177 2746 —
1200 2724 1285 2762 995.
1306 2725 1480 2770 imbibit;
1499 2723 1570 2761 cfr.
1591 2723 1650 2760 VI
1670 2723 1728 2770 72,
1747 2726 1791 2760 ut

310 2783 356 2809 ex
387 2772 453 2808 ira
477 2782 624 2817 poenas
658 2772 787 2816 petere
808 2767 960 2806 inbibat
986 2769 1104 2814 acris,
1131 2781 1152 2807 e
1178 2771 1262 2809 Liv.
1285 2774 1324 2811 II
1347 2774 1394 2812 58
1415 2775 1567 2810 tantum
1593 2774 1787 2809 certamen
