1872 3002
347 196 403 242 82
759 191 845 240 DE
876 189 1107 240 RERUM
1132 189 1415 251 NATURA

375 295 579 348 tempore
609 289 719 335 item
752 292 874 335 certo
907 303 1086 335 roseam
1119 287 1303 334 Matuta
1334 303 1416 347 per
1447 302 1552 335 oras

275 374 344 411 655
376 355 574 403 aetheris
607 371 823 402 auroram
856 354 1010 401 diflert
1042 359 1086 401 et
1119 354 1298 400 lumina
1328 354 1504 413 pandit,

375 425 455 467 aut
487 421 596 479 quia
627 420 694 467 sol
725 419 847 466 idem
881 420 965 466 sub
997 423 1146 466 terras
1178 419 1256 466 ille
1289 423 1522 466 revertens

376 486 599 545 anticipat
632 485 810 533 caelum
843 485 987 532 radiis
1021 485 1269 532 accendere
1301 488 1545 544 temptans,

376 556 456 598 aut
488 551 597 610 quia
630 550 910 598 conveniunt
941 550 1074 609 ignes
1107 555 1151 597 et
1183 550 1359 598 semina
1390 549 1539 597 multa

348 675 351 680 ι
377 615 604 663 confluere
635 616 814 663 ardoris
847 620 1126 663 consuerunt
1157 619 1361 675 tempore
1393 619 1531 674 certo,

276 706 345 741 (360
377 699 495 742 quae
527 682 704 730 faciunt
737 682 845 730 solis
877 698 998 730 nova
1030 698 1207 741 semper
1237 682 1415 729 lumina
1446 682 1602 742 gigni;

377 748 498 807 quod
530 759 676 807 genus
708 747 862 795 Idaeis
895 748 1019 794 fama
1051 752 1122 795 est
1154 764 1177 794 e
1209 747 1580 795 montibus'altis

377 814 604 873 dispersos
637 814 761 873 ignis
794 813 963 861 orienti
990 813 1164 860 lumine
1196 813 1334 871 cerni,

377 879 484 925 inde
516 879 635 926 coire
668 879 856 937 globum
891 880 1023 938 quasi
1055 879 1104 925 in
1137 895 1278 926 unum
1312 883 1356 925 et
1388 878 1608 926 conficere
1639 877 1810 931 orbem.

376 960 460 991 nec
491 948 646 991 tamen
680 944 795 991 illud
827 945 875 990 in
907 944 979 991 his
1011 944 1147 991 rebus
1181 943 1391 991 mirabile
1423 943 1558 992 debet

277 1032 346 1069 <305
377 1025 486 1067 esse,
521 1009 643 1068 quod
674 1009 788 1056 haec
819 1009 943 1067 ignis
977 1013 1074 1056 tam
1107 1014 1229 1056 certo
1261 1014 1466 1069 tempore
1498 1013 1689 1069 possunt

378 1075 556 1122 semina
588 1075 814 1122 confluere
847 1079 890 1121 et
923 1074 1031 1122 solis
1064 1091 1279 1134 reparare
1310 1076 1520 1122 nitorem.

377 1142 524 1189 multa
556 1142 766 1189 videmus
798 1141 932 1197 enim,
968 1145 1090 1188 certo
1123 1157 1240 1200 quae
1273 1146 1476 1201 tempore
1507 1140 1624 1189 fiunt

378 1208 589 1255 omnibus
622 1207 671 1254 in
703 1207 850 1254 rebus.
885 1206 1132 1254 florescunt
1164 1211 1370 1266 tempore
1403 1210 1556 1254 certo·

379 1274 568 1320 arbusta
601 1278 644 1319 et
677 1276 800 1319 certo
833 1271 1076 1321 dimittunt
1108 1275 1310 1331 tempore
1341 1272 1523 1319 florem:

278 1360 347 1396 GTO
380 1354 466 1385 nec
498 1336 650 1385 minus
683 1337 730 1384 in
765 1341 888 1384 certo
921 1337 1080 1384 dentes
1113 1338 1275 1384 cadere
1307 1337 1505 1396 imperat
1537 1338 1664 1388 aetas

377 1409 581 1463 tempore
613 1409 656 1450 et
689 1403 905 1462 inpubem
940 1402 1067 1450 molli
1099 1403 1344 1462 pubescere
1375 1408 1502 1451 veste

350 1608 422 1645 che
444 1607 530 1646 fece
556 1607 753 1652 compiere
778 1606 804 1644 il
832 1605 917 1652 giro
945 1618 1062 1652 sopra
1088 1606 1127 1644 la
1149 1608 1268 1644 terra.
1289 1634 1305 1652 „
1405 1624 1449 1630 —-
1470 1602 1554 1641 (354.
1572 1602 1731 1640 Matuta
1746 1601 1836 1646 (eon

348 1657 392 1693 L.
418 1656 462 1692 B.
488 1656 539 1692 Μ.
565 1667 636 1700 per
662 1667 752 1692 mss,
779 1659 951 1699 matura,
977 1655 1069 1699 Brg.
1096 1654 1263 1698 natura)
1291 1652 1417 1690 anche
1442 1651 1575 1689 Mater
1599 1650 1770 1696 Matuta,
1797 1649 1837 1687 la
1868 1680 1872 1681 γ

349 1703 424 1740 dea
446 1702 551 1740 della
569 1703 695 1748 prima
712 1703 811 1740 luce.
833 1701 913 1740 Cic.
938 1702 1050 1739 Tusa.
1068 1702 1088 1738 Ι
1104 1702 1170 1740 28:
1195 1700 1331 1748 Quid?
1350 1699 1426 1738 Ino
1444 1700 1586 1737 Cadmi
1603 1698 1691 1745 filia
1707 1709 1846 1736 nonne*

349 1747 543 1786 Λευκόθεα
580 1752 785 1788 nominata
824 1762 848 1787 a
877 1750 1053 1787 Graecis<
1080 1749 1239 1786 Matuta
1276 1748 1440 1786 habetur
1477 1759 1502 1784 a
1539 1745 1723 1784 nostris?
1757 1744 1837 1782 Suo

349 1798 496 1844 tempio
513 1810 537 1835 a
555 1798 694 1843 Roma,
710 1798 795 1835 Liv.
817 1799 839 1834 5
859 1799 902 1834 19
920 1802 994 1835 etc.
1013 1796 1115 1834 Vedi
1133 1796 1261 1834 anche
1279 1798 1350 1833 Ov.
1368 1795 1478 1833 Fast.
1496 1793 1555 1832 VI
1569 1794 1650 1832 475.
1672 1791 1844 1837 Prellers

350 1846 459 1883 Ro‘m.
479 1846 602 1892 Myth.
621 1859 658 1891 p.
676 1845 757 1883 285.
855 1865 899 1870 -—
917 1845 997 1882 655.
1017 1843 1174 1891 differt5
1199 1844 1240 1881 11
1257 1844 1327 1881 675
1349 1843 1427 1880 late
1447 1840 1613 1888 differre
1630 1839 1815 1888 favillam
1823 1853 1838 1886 ;

350 1898 424 1931 etc.
522 1912 566 1919 —-
593 1892 675 1929 657.
703 1895 898 1940 anticipat
923 1892 1097 1938 caelum;
1125 1891 1141 1907 “
1161 1902 1400 1936 pre-occupa
1427 1890 1453 1927 il
1480 1888 1579 1927 cielo
1599 1900 1637 1934 „3
1659 1887 1838 1932 l’oeeupa

349 1942 409 1979 coi
436 1941 521 1978 suoi
547 1941 662 1986 raggi
689 1941 816 1985 prima
843 1941 882 1977 di
908 1940 1223 1994 occupar-lo'esso
1242 1941 1378 1976 stesso.
1446 1984 1455 1992 ·
1475 1957 1521 1961 —
1539 1935 1616 1972 661
1634 1946 1718 2020 εἷς.
1737 1934 1847 1982 quod«

349 2001 496 2035 yenus:
525 1989 540 2004 ‘⁶
561 1989 593 2026 Ε
618 1989 657 2025 la
684 2000 776 2026 cosa
802 1988 821 2022 ὁ
848 1992 959 2025 tanto
985 1987 1183 2032 posmbsse,
1209 1986 1282 2024 che
1316 1985 1548 2024 n‘abblamo
1579 1992 1650 2030 per
1681 1994 1733 2021 no
1757 1993 1839 2019 una.

349 2048 475 2082 prova
501 2035 539 2073 di
565 2036 679 2073 fatto.
706 2035 744 2073 Si
771 2040 960 2073 racconta
987 2035 1058 2072 che
1084 2035 1145 2072 sul
1164 2036 1297 2071 monte
1317 2033 1389 2070 Ida
1407 2033 1439 2070 si
1457 2031 1558 2070 vede
1575 2030 1735 2077 proprio
1751 2041 1838 2086 quc·

350 2083 492 2121 cedere
518 2083 611 2121 cosi.
628 2112 644 2129 „
678 2082 853 2121 Diodoro
880 2082 1011 2120 Siculo
1037 2082 1159 2120 XVJI
1185 2083 1210 2118 7*
1231 2083 1254 2118 4
1277 2082 1467 2119 racconta
1501 2079 1574 2117 che
1605 2077 1723 2116 sulla*
1739 2088 1840 2115 cuna

350 2132 414 2168 del
441 2133 573 2168 monte
599 2130 685 2176 Ida,
709 2131 817 2168 nella
843 2130 1011 2174 Troade,
1037 2129 1197 2175 quando
1230 2128 1251 2166 e
1283 2129 1323 2165 in'
1358 2128 1511 2166 oriente
1541 2125 1572 2164 il
1601 2125 1723 2170 cane,
1757 2135 1838 2162 non

350 2178 537 2224 spirando
563 2178 674 2216 venti
700 2178 911 2220 d'attorn0‚
937 2178 968 2215 si
994 2177 1095 2215 vede
1121 2188 1281 2221 sorgere
1306 2176 1335 2213 il
1368 2175 1449 2213 sole
1482 2177 1636 2228 mentre
1671 2171 1840 2228 effincor

350 2228 481 2272 notte3
518 2238 581 2263 ma
613 2238 700 2263 esso
735 2238 813 2264 non
848 2225 993 2263 manda
1024 2226 1035 2262 i
1063 2225 1149 2263 suoi
1183 2223 1299 2269 raggi
1327 2222 1590 2261 tutt'attorno
1614 2219 1838 2275 lucu-colo³

350 2286 415 2311 ma
440 2273 469 2310 li
495 2273 709 2311 dissemina
735 2274 775 2310 in
801 2273 907 2319 parti
934 2272 1101 2318 diverse,
1134 2271 1213 2309 cosi
1239 2272 1312 2309 che
1337 2282 1434 2316 pare
1460 2270 1532 2307 che
1565 2267 1679 2306 molti
1703 2266 1839 2304 fuochr

350 2321 533 2359 tocchino
559 2321 787 2358 l'orizzonte
814 2321 918 2358 della
944 2323 1072 2366 terra3
1097 2320 1110 2356 i
1137 2319 1244 2364 quali
1272 2318 1311 2355 di
1337 2318 1365 2355 li
1390 2330 1414 2355 a
1435 2329 1532 2363 poco
1553 2317 1586 2354 si
1602 2315 1839 2369 raeoolgono

352 2370 392 2406 in
418 2380 498 2406 una
525 2368 609 2406 sola
636 2380 776 2411 massa,
803 2367 908 2405 della
933 2368 1081 2405 misura
1108 2366 1147 2404 di
1174 2370 1234 2404 tre
1259 2365 1378 2412 pleiri
1403 2363 1580 2411 (iugeri),
1605 2362 1679 2401 che
1698 2373 1776 2408 pol,
1800 2360 1839 2398 al

349 2415 568 2461 principiar
593 2415 656 2453 del
681 2416 833 2461 giorno,
868 2416 899 2452 si
932 2415 1131 2453 condensa
1164 2414 1271 2452 nella
1305 2412 1530 2459 grandezza
1563 2409 1742 2449 normale
1775 2407 1840 2464 del

351 2463 446 2501 sole.
472 2463 530 2500 La
556 2475 647 2501 cosa
674 2475 743 2500 era
769 2467 876 2500 certo
903 2462 1104 2501 ricordata
1131 2462 1257 2500 anche
1292 2460 1342 2498 da
1367 2461 1552 2506 Epicuro,
1587 2458 1659 2513 che
1695 2454 1787 2494 sara
1811 2455 1839 2492 11

350 2511 460 2548 fonte
488 2510 527 2548 di
553 2511 765 2556 Lucrezi03
793 2523 856 2548 ma
882 2511 954 2547 che
981 2511 1108 2547 anche
1134 2522 1206 2555 per
1231 2508 1407 2546 Diodoro
1433 2507 1563 2545 Siculo
1582 2516 1706 2561 ‚unlco
1726 2504 1837 2541 fonte

351 2559 411 2595 sia
437 2561 540 2596 stato
566 2557 737 2603 Epicuro
764 2559 888 2601 (come
915 2558 1032 2595 vuole
1060 2558 1214 2595 Usener
1240 2556 1349 2602 Epic.
1374 2568 1411 2600 p.
1429 2555 1515 2598 354)
1538 2565 1593 2591 ml
1605 2563 1707 2608 pare
1722 2561 1839 2605 menq

350 2606 568 2651 probabile.
594 2606 653 2642 La
687 2605 910 2643 concisione
946 2605 983 2642 di
1018 2605 1209 2642 Lucrezio
1242 2603 1264 2641 ὸ
1298 2602 1442 2640 indizio
1475 2601 1548 2639 che
1582 2612 1615 2638 ει
1637 2602 1774 2656 6tratta.
1799 2596 1840 2634 dl

350 2654 498 2691 notizia
524 2653 772 2691 abbastanza
799 2653 956 2690 diffusa.
1055 2672 1096 2677 —
1125 2652 1214 2689 662.
1241 2652 1397 2689 orienti.
1429 2649 1602 2687 Osserva
1634 2647 1663 2684 11
1696 2646 1839 2684 Mum-o

351 2701 423 2738 che
450 2703 591 2746 questo
618 2700 794 2738 ablativo
821 2702 862 2737 in
884 2703 902 2738 i
924 2699 946 2738 ὸ
967 2712 1058 2738 raro
1085 2699 1244 2745 quando
1271 2699 1304 2735 si
1329 2700 1457 2736 tratta
1482 2695 1522 2734 di
1547 2707 1602 2733 un
1627 2704 1839 2748 vero-par-

351 2748 508 2794 ticipi03
542 2749 752 2795 frequente
790 2747 949 2792 quando
986 2748 1015 2785 il
1047 2747 1258 2793 participio
1295 2744 1318 2783 ὸ
1355 2745 1548 2790 piuttosto
1582 2754 1638 2780 un
1675 2743 1872 2793 epitetos„

352 2807 459 2834 come
486 2796 648 2842 florenti
679 2799 815 2841 aetate,
840 2796 1003 2842 flumine
1029 2795 1275 2832 abundanti..
1336 2806 1339 2808 ’
1373 2811 1419 2818 -
1445 2791 1528 2829 ⁶71.
1550 2789 1742 2837 impubem
1764 2798 1836 2835 pu·-
1859 2802 1870 2806 ⁴*
