1872 3002
569 153 766 203 LIBER
796 153 870 203 VI
902 155 1101 203 957-960
1505 154 1593 202 277

175 243 286 294 Huc
317 246 500 298 accedit
532 248 599 295 uti
633 265 725 296 non
758 249 929 307 omnia,
963 265 1083 309 quae
1116 248 1355 296 iaciuntur

50 326 79 379 .'
117 327 312 373 corpora
343 328 540 374 cumque
572 315 632 362 ab
662 315 815 374 rebus,
849 315 1006 364 eodem
1040 315 1252 375 praedita
1284 330 1420 364 sensu

85 525 268 566 morbida
286 529 348 566 vis
363 525 386 566 ὁ
403 539 513 574 sogg·
533 527 641 566 nella
659 528 815 571 lacuna,
834 527 936 566 vedo
955 529 1024 574 qui
1046 530 1173 572 (come
1194 527 1321 574 Polle)
1341 540 1396 566 un
1416 530 1590 574 esempio

84 586 241 623 nuovo3
266 587 333 615 mn.
357 587 507 614 ancora
533 575 601 620 qui
627 578 743 614 trovo
769 576 938 614 assurdo
964 589 1074 615 come
1101 577 1276 622 esempio
1303 576 1342 614 di
1360 577 1538 622 porosita
1562 578 1589 614 il

84 621 204 662 facile
228 622 416 670 viaggiar
440 636 513 670 per
537 623 786 662 l’atmosfera
814 623 851 661 di
879 625 976 662 nubi
1012 638 1032 662 c
1067 627 1276 670 tempeste,
1310 637 1331 662 e
1366 624 1484 663 credo
1519 625 1587 671 pisi

84 670 218 710 vicino
242 671 404 710 nal-vero
428 671 457 710 il
478 671 724 718 Lachmann,
750 683 830 709 non
853 685 924 717 per
944 673 984 710 la
1010 685 1083 710 sua
1110 672 1285 710 lezione:
1313 677 1348 710 et
1368 677 1591 719 tempestate

84 720 131 758 in
154 722 267 758 terra
291 719 472 776 caeloque
497 724 631 758 coorta
658 724 863 766 terrasque
885 725 1056 759 remotae
1076 721 1229 766 (genit.)
1251 723 1347 757 iura
1369 719 1587 767 facessunt,

46 776 63 815 J*
82 778 149 806 ma
164 779 239 814 per
252 766 294 806 la
314 779 389 806 sua.
404 768 764 814 mterpretazione3
783 767 862 812 egli
881 767 988 807 dice:
1010 768 1026 783 “
1039 781 1179 806 versus
1198 768 1378 806 facillimi
1394 769 1590 814 interpre-

82 813 193 854 tibus
211 815 347 854 neseio
371 815 569 862 quomodo
596 816 757 855 obscuri
782 816 858 853 visi
885 821 990 854 sunt.
1017 816 1151 854 omnia
1177 828 1270 854 rara
1297 829 1384 854 esse
1411 816 1520 864 dicit,
1546 823 1587 855 et

47 878 57 894 -s
81 865 365 910 tempestatem
395 863 556 910 quidem
582 876 663 903 non
687 864 819 902 minus
851 876 971 909 quam
999 864 1152 903 caelum
1180 867 1222 902 et
1247 866 1396 902 terram
1428 864 1587 911 (questo

82 910 196 956 noD:
220 910 327 951 hane
342 913 467 956 enim,
494 924 584 950 cum
609 912 650 950 in
678 917 787 951 terra
813 914 854 949 et
873 913 984 951 caelo
1007 913 1221 958 cooriatur,
1243 915 1379 950 tamen
1397 925 1477 952 non
1497 925 1587 951 con-

38 1007 39 1010 *
82 961 205 1008 stare,
229 958 302 999 sed
326 971 421 999 mox
447 964 519 998 tem
549 962 690 999 estatis
715 963 760 998 in
786 960 937 999 caelum
964 965 1172 1008 terrasque
1197 961 1394 999 resolutae
1414 961 1505 998 iura
1531 961 1589 999 fa·

81 1018 239 1047 cessere
255 1034 289 1053 „.
314 1007 494 1047 Barocca
534 1009 797 1055 ’espressione
817 1019 838 1045 e
856 1007 895 1046 la
911 1010 1173 1051 costi-mione,
1192 1021 1256 1046 ma
1276 1008 1335 1046 c’e
1354 1009 1381 1046 il
1403 1010 1588 1054 pensiero

109 1055 214 1095 'usto
237 1055 345 1095 nelle
366 1056 504 1102 parole
526 1057 600 1095 che
622 1057 674 1096 ho
692 1055 950 1095 sottolineate
977 1057 1014 1100 (e
1041 1057 1082 1095 vi
1103 1056 1296 1094 s’accosta
1317 1057 1345 1094 il
1366 1057 1587 1103 Postgate).

48 1126 54 1130 =·
140 1103 300 1151 egendo
326 1108 363 1143 et
385 1109 632 1153 tempestates
663 1109 829 1149 coortae,
856 1105 1044 1143 intendo:
1074 1105 1090 1120 ‘⁴
1109 1105 1142 1142 Ε
1165 1105 1202 1143 le
1230 1108 1438 1152 tempeste,
1459 1105 1587 1144 uscite

80 1150 276 1191 fuoridal
300 1152 403 1192 oielo
429 1165 451 1192 e
477 1152 586 1191 dalla
611 1159 722 1191 terra
748 1154 836 1198 (cfr.
857 1154 1043 1199 470-482),
1069 1153 1133 1199 poi
1161 1154 1416 1199 scompaiono
1440 1152 1589 1199 (faces-

80 1198 197 1247 sunt)
221 1200 269 1239 in¹
289 1200 415 1240 breve
435 1204 569 1247 tempo
588 1201 821 1240 riassorbite
840 1199 1037 1247 (remotae,
1061 1200 1146 1239 cioe
1170 1203 1186 1219 “
1204 1201 1370 1239 rimosse
1389 1202 1422 1248 „)
1444 1201 1586 1240 dentro

36 1283 41 1299 3,
79 1247 247 1288 laterra
263 1249 394 1295 (come
410 1249 575 1295 pioggia
593 1251 835 1297 sopratutto)
861 1262 883 1288 e
902 1250 1044 1288 dentro
1062 1249 1090 1286 il
1109 1249 1233 1295 cielo;
1255 1261 1276 1287 e
1298 1248 1358 1287 cio
1379 1250 1501 1288 molto
1519 1262 1590 1287 na-

80 1295 326 1336 turalmente
344 1297 470 1343 (ἔπινες
495 1297 567 1335 cfr.
586 1298 647 1335 col
664 1298 832 1344 Brieger
853 1302 942 1337 iure
954 1301 1125 1344 pereunt
1145 1297 1186 1334 II
1207 1298 1316 1341 1139)
1334 1328 1349 1342 „
1380 1311 1403 1343 p
1421 1310 1440 1335 e
1456 1310 1475 1335 r
1490 1310 1510 1335 c
1524 1297 1550 1335 h
1565 1298 1587 1336 ὸ

44 1343 227 1393 1ἰιίιιει
251 1345 411 1391 corpi
435 1345 614 1383 solidi
651 1358 672 1384 e
708 1347 1002 1393 compatti,
1029 1345 1175 1384 cielo
1202 1357 1223 1383 e
1251 1350 1428 1392 terra,
1455 1358 1586 1384 sono

36 1403 39 1406 ’
79 1392 296 1440 μοι-θείς
328 1391 402 1432 che
427 1405 508 1431 non
544 1393 576 1432 c'
593 1392 615 1431 e
641 1394 755 1432 nulla
787 1395 909 1440 (delle
936 1407 1001 1431 res
1027 1395 1198 1436 creatae)
1226 1393 1298 1431 che
1326 1406 1404 1431 non
1432 1394 1493 1431 sia
1519 1406 1584 1439 po-

32 1476 34 1478 ,
78 1441 303 1486 remisse).
323 1441 447 1480 Forse
474 1442 615 1480 invece
637 1441 676 1479 di
701 1444 788 1480 iure
815 1443 836 1482 ὸ
857 1444 990 1489 giusto
1013 1442 1039 1478 il
1061 1441 1197 1479 rursu’
1221 1441 1260 1478 di
1281 1441 1458 1486 Madvig.
1485 1442 1584 1480 Dice

34 1491 47 1506 ”·
79 1487 288 1528 illum-o
327 1489 403 1528 che
428 1489 626 1537 facessere
661 1490 727 1528 nel
753 1503 870 1529 senso
903 1490 942 1528 di
973 1490 988 1505 “
1009 1489 1234 1527 andarsene
1256 1519 1270 1534 „
1308 1502 1405 1534 pare
1438 1502 1516 1527 non
1553 1491 1585 1527 si

14 1555 15 1558 ¹
34 1574 35 1579 ,
77 1537 186 1576 trevi
209 1537 318 1584 negli
341 1537 495 1576 antichi
521 1538 595 1576 che
620 1550 732 1576 come
749 1539 987 1585 imperativo
1007 1550 1028 1576 o
1051 1538 1165 1583 quasi
1183 1537 1446 1583 imperativo:
1471 1551 1491 1575 e
1511 1538 1586 1576 che

77 1596 122 1624 se
140 1584 317 1632 Apuleio
341 1597 416 1625 usa
435 1598 519 1624 una
539 1586 705 1624 dozzina
727 1585 767 1624 di
788 1588 896 1625 volte
924 1586 1052 1624 anche
1073 1585 1238 1632 facesso,
1264 1584 1441 1632 facessit,
1462 1586 1585 1632 faces·

42 1656 45 1658 -
77 1637 184 1678 sunt,
207 1632 388 1682 facesset,
407 1633 430 1672 ὁ
456 1633 604 1680 perche
629 1635 722 1680 egli,
743 1634 1064 1674 scimmiottando
1091 1634 1146 1679 gli
1173 1633 1338 1680 antichi,
1364 1634 1416 1671 ha
1443 1634 1585 1679 proba-

22 1699 24 1702 ·
76 1681 272 1720 bilmente
296 1681 593 1728 generalizzato
620 1683 748 1720 anche
774 1683 879 1722 fuori
908 1682 1274 1727 dell'imperativ03
1300 1682 1338 1719 io
1366 1682 1584 1727 preferisco

33 1762 37 1780 .-
78 1728 227 1769 vedere
257 1729 300 1768 in
326 1729 519 1768 Lucrezio
536 1743 593 1768 un
618 1743 743 1776 segne
769 1732 842 1770 che
869 1732 1004 1777 quella
1032 1730 1276 1768 limitazione
1303 1743 1325 1768 o
1352 1742 1431 1767 non
1459 1731 1491 1767 c'
1503 1743 1584 1776 era,

7 1785 15 1827 j
78 1789 102 1816 o
126 1788 208 1817 non
228 1789 300 1816 era
320 1777 450 1817 molto‘
464 1777 606 1824 rigida.
632 1777 793 1823 Quanto
820 1780 901 1818 alla
926 1779 1108 1818 morbida
1133 1780 1194 1816 vis
1218 1782 1517 1816 attraversante
1544 1779 1583 1815 la

23 1844 26 1850 2
78 1825 206 1866 lorica
222 1825 337 1872 caeli,
357 1826 450 1865 vedi
470 1838 496 1864 a
515 1827 731 1865 1088-1135.
753 1828 860 1866 Data
881 1828 921 1866 la
941 1826 1284 1871 interpretazione
1303 1826 1370 1871 qui
1394 1829 1583 1872 proposta

59 1872 113 1913 ie.
129 1886 226 1913 men·
247 1874 457 1920 probabile
483 1874 557 1913 che
583 1874 623 1912 la
649 1886 741 1913 cosa
775 1876 848 1914 che
874 1876 967 1914 vien
994 1875 1137 1914 denti-o
1163 1877 1390 1912 atti-averso
1418 1874 1454 1911 al
1482 1874 1582 1912 cielo

46 1925 50 1928 ”
78 1921 245 1962 insieme
269 1922 374 1962 oolla
399 1923 583 1961 morbida
608 1925 680 1969 vis,
714 1935 736 1961 e
763 1924 970 1962 nominata
1007 1923 1115 1961 nella
1142 1922 1301 1967 lacuna,
1329 1923 1388 1959 sia
1414 1935 1582 1969 corpora

77 1970 245 2011 nubium
268 1970 581 2018 nimborumque,
600 1970 748 2017 perche
779 1972 950 2010 sarebbe
972 1972 1101 2009 allora
1122 1983 1203 2008 una
1230 1971 1466 2015 ripetizione
1493 1975 1583 2008 tem-

44 2034 47 2035 ’
73 2022 246 2066 penates
357 2019 466 2058 caelo
491 2023 669 2067 coortae;
700 2032 721 2057 e
749 2021 780 2057 si
815 2020 940 2058 rende
976 2032 1054 2058 non
1096 2019 1362 2063 improbabile
1398 2018 1581 2056 un’altra

36 2093 39 2095 >
77 2067 225 2107 laeana
260 2067 387 2113 (p.es.
425 2066 487 2106 col
523 2066 692 2113 Brieger
725 2070 788 2105 tra
815 2069 1001 2114 955-956),
1045 2066 1189 2112 perche
1225 2066 1354 2104 anche
1390 2066 1497 2104 della
1523 2069 1582 2104 vis

20 2115 26 2142 >f
76 2115 261 2154 morbida
277 2125 358 2154 non
379 2115 414 2154 si
434 2114 524 2154 dica
541 2115 626 2154 solo
644 2115 848 2162 venti-are,
871 2129 934 2154 ma
957 2115 1086 2153 anche
1108 2115 1278 2161 l’uscire,
1296 2118 1524 2152 attraverso
1543 2114 1583 2152 la

19 2192 41 2206 ,,
77 2162 206 2202 lorica
223 2163 328 2202 caeli
341 2162 525 2209 (amobe,
542 2163 661 2208 forse,
689 2163 713 2202 d
727 2176 750 2201 a
777 2176 799 2202 e
826 2177 881 2202 en
897 2169 913 2202 t
927 2177 980 2202 ro
1008 2164 1046 2201 la
1071 2165 1208 2204 terra).
1305 2183 1352 2188 —-
1374 2162 1464 2200 958.
1484 2175 1582 2200 raro

76 2220 240 2259 conpore
263 2222 408 2250 nexum
434 2212 496 2250 coi
521 2224 611 2250 mse·
638 2224 660 2250 e
686 2215 825 2251 contro
851 2212 1014 2250 Lachm.
1042 2212 1161 2248 Bern.
1189 2211 1351 2248 Munro:
1378 2223 1475 2248 raro
1501 2223 1582 2249 cor-

14 2258 180 2307 }Jpo'ri'
195 2271 312 2299 nexu.
328 2259 421 2306 Brg.
446 2272 590 2298 rarum
607 2272 767 2307 corpore
791 2272 948 2298 nexum.
971 2260 1070 2298 Dice
1098 2260 1125 2296 il
1146 2259 1309 2296 Lachm.
1340 2258 1355 2273 “
1372 2271 1471 2297 raro
1497 2271 1578 2297 cor·

23 2299 38 2362 ⁷}
75 2311 177 2355 pore*
193 2318 352 2364 nexpm.
378 2307 492 2346 Haeo
517 2308 693 2363 absurda
719 2311 832 2346 sunt:
872 2309 1022 2346 nullum
1051 2311 1112 2345 est
1138 2307 1242 2345 enim
1272 2319 1407 2344 rarum
1433 2319 1577 2352 corpus

76 2367 247 2402 queres
269 2358 378 2394 mter
402 2367 446 2394 se
472 2362 780 2401 comungantur.
807 2357 926 2395 immo
952 2369 1016 2394 res
1038 2356 1149 2401 ipsae
1175 2366 1269 2393 raro
1296 2367 1461 2400 corpore
1487 2359 1581 2392 sunt

75 2403 174 2451 sive,
194 2403 303 2450 quod
323 2403 430 2442 idem
450 2407 524 2451 est,
548 2416 646 2443 raro
667 2404 967 2452 comori'neoeu.
985 2431 1001 2448 „
1030 2405 1089 2442 La
1114 2403 1280 2448 ragione
1308 2404 1360 2440 mi
1387 2415 1484 2448 pare
1511 2403 1580 2448 pia

75 2451 212 2491 cottila
231 2452 306 2491 che
322 2451 606 2499 convincente3
625 2465 724 2491 raro
744 2465 906 2500 corpore
927 2452 948 2490 ὸ
971 2465 1024 2490 un
1047 2451 1170 2489 ablat.
1194 2450 1231 2488 di
1252 2450 1384 2497 modo3
1411 2450 1425 2466 “
1444 2451 1588 2488 niente

75 2499 178 2543 vum
194 2499 272 2539 che
292 2512 374 2539 non
394 2499 454 2538 sia
475 2503 679 2547 composto
700 2501 741 2538 in
764 2500 878 2539 modo
900 2501 950 2538 da
972 2501 1145 2538 formare
1168 2512 1221 2536 un
1245 2511 1364 2544 corpo
1386 2511 1542 2545 poroso.
1560 2529 1576 2545 „

17 2576 40 2601 ,ὅ
171 2547 348 2586 oso-978.
373 2547 534 2587 Diversi
560 2560 658 2587 sono
683 2548 740 2594 gli
765 2549 894 2587 effetti
922 2549 995 2587 che
1021 2561 1103 2586 una
1129 2559 1222 2585 cosa
1249 2546 1424 2591 produce
1459 2559 1578 2593 sopra

26 2607 41 2650 ς
75 2607 166 2636 eone
190 2595 362 2636 diverse.
388 2585 423 2636 E
448 2597 487 2635 lo
513 2599 640 2635 stesso
666 2600 901 2642 argomento
928 2599 1098 2635 trattato
1124 2595 1183 2651 IY
1201 2596 1269 2633 631
1298 2608 1394 2640 sgg„
1421 2595 1581 2650 manqui

19 2653 45 2709 ,ξ
74 2644 373 2692 generalimato
399 2645 528 2684 anche
557 2643 784 2682 all'infuori
820 2644 883 2683 del
914 2644 1060 2682 mondo
1096 2643 1282 2682 animale.
1314 2643 1347 2681 E
1380 2643 1443 2680 nel
1477 2643 1580 2681 libro

18 2714 46 2760 ’ἐ
74 2692 495 2781 ἓᾞῖοξὲἓὲιῗὲἒθ
517 2692 819 2786 Ῑὲτῖιῖἳῖεὲθᾈὲ
836 2693 1158 2779 ᾳὲτᾞθρὲἕψη
1177 2692 1422 2777 ᾳὲἐοωὲεὶίἲ
1466 2690 1580 2784 Οὲῗῖὲὲ

32 2764 43 2781 ff
822 2768 830 2775 .
932 2761 942 2766 ·
1022 2770 1029 2778 .
1130 2759 1173 2766 -“
1275 2768 1281 2774 .
1565 2761 1581 2768 -

31 2782 45 2834 1}
74 2753 279 2836 piamegnte
303 2789 486 2836 traslato,
502 2754 585 2827 1che
601 2754 871 2827 anzituttogha
893 2801 1009 2827 senso
1028 2788 1169 2834 attivo,
1193 2788 1233 2825 la
1249 2787 1483 2826 sensazione
1505 2787 1578 2826 che

32 2869 46 2884 Ὗ
