1872 3002
354 178 441 224 200
768 175 854 223 DE
884 174 1117 223 RERUM
1147 175 1423 224 NATURA

383 271 520 329 signa
552 274 777 328 notaeque
809 269 967 327 gravis
1000 269 1202 317 halantis
1234 269 1434 329 sulpuris
1466 285 1622 318 aurasz
1672 302 1703 312 -.

383 336 507 393 ignis
539 336 660 382 enim
694 340 800 382 sunt
832 335 946 382 hacc
977 351 1067 382 non
1101 335 1229 383 venti
1261 335 1398 394 signa
1428 352 1575 396 neque
1605 334 1781 384 imbris-

385 406 625 460 praetcrea
657 417 791 460 saepe
825 402 1082 448 accendunt
1113 417 1294 460 quoquc
1327 406 1452 448 tecta
1483 402 1748 450 domorum*

384 473 428 513 et
462 467 598 513 celeri
630 467 818 514 flamina
850 467 1148 514 dominantur
1179 467 1225 513 in
1259 467 1449 515 aedibus
1479 466 1606 526 ipsis.

281 553 350 589 ‘225
383 532 506 578 hunc
538 532 625 578 tibi
658 532 873 579 subtilem
909 548 1010 579 eum
1046 532 1209 591 primis
1240 532 1428 590 ignibus
1458 532 1615 591 ignem

382 597 623 644 constituit
655 603 825 645 natura
856 598 1048 645 minutis
1079 597 1416 657 mobilibusque

383 662 664 721 corporibus,
697 662 771 708 cui
803 662 869 708 nil
901 663 1087 709 omnino
1119 662 1339 710 obsistere
1371 662 1528 721 possit.

380 727 549 774 transit
582 727 703 773 enim
737 727 943 774 validum
976 728 1148 774 fulmen
1181 743 1263 786 per
1295 732 1452 787 saepta
1483 727 1737 785 domorum,

381 793 555 839 clamor
586 798 638 839 ut
671 809 725 839 ac
756 809 902 850 voces,
936 794 1105 840 transit
1137 809 1216 852 per
1247 809 1374 851 saxa,
1409 809 1487 852 per
1517 807 1640 850 acra,
1865 841 1872 851 ι

280 874 350 912 230
383 862 427 904 et
460 857 686 917 liquidum
720 863 891 917 puncto
924 859 1037 907 facit
1069 875 1145 905 aes
1177 859 1226 904 in
1258 863 1466 918 tempore
1498 862 1543 906 et
1573 873 1752 907 aurum.
1860 876 1872 974 ἶ

352 1074 497 1099 correz.
521 1061 584 1098 del
611 1061 728 1098 Bern.
751 1063 788 1105 (e
819 1060 928 1106 ssrg.)
962 1063 1041 1098 icta
1069 1062 1164 1098 eius.
1202 1061 1236 1098 Il
1263 1059 1423 1098 Lachm.
1458 1061 1540 1098 ictu
1575 1060 1660 1098 loca
1685 1057 1841 1105 (quindi
1859 1059 1872 1102 Ἰ,Σ

353 1109 632 1154 distinguendo
661 1109 744 1147 loca
779 1110 860 1146 icta
886 1111 1022 1146 inusta
1049 1121 1070 1146 e
1093 1111 1212 1154 siqua
1238 1111 1398 1155 vaporis
1423 1120 1444 1146 e
1471 1112 1587 1146 notae
1607 1107 1720 1152 ete.);
1746 1105 1845 1144 Pur‘-
1866 1117 1872 1145 :

351 1169 492 1194 mann:
531 1159 611 1194 ictu
644 1169 817 1203 procusa
856 1159 1030 1203 vapor2'33
1065 1169 1128 1193 ma
1166 1169 1208 1193 se
1250 1156 1322 1194 c'e
1358 1167 1437 1193 una
1482 1156 1620 1200 parola
1650 1155 1782 1193 sicura
1818 1153 1872 1192 ὲῗ

353 1207 508 1242 inusta!
541 1204 631 1242 Non
668 1204 731 1241 c’e
765 1204 903 1242 embra
937 1204 974 1241 di
1011 1203 1200 1241 difficolt&
1236 1205 1276 1241 in
1308 1206 1410 1241 ictus
1445 1207 1480 1240 et
1512 1205 1659 1242 inusta
1680 1201 1872 1249 vaporis*

351 1255 489 1298 sigma,-
516 1251 537 1289 ὸ
564 1253 678 1296 quasi
703 1265 784 1289 una
811 1252 988 1289 endiadi:
1017 1254 1032 1270 ‘⁴
1053 1251 1081 1288 il
1107 1251 1274 1289 fulmine
1301 1251 1492 1289 dimostra
1523 1250 1564 1288 la
1595 1261 1670 1288 sua
1691 1254 1840 1292 natura
1868 1253 1872 1282 ἑ

352 1301 412 1337 coi
438 1300 524 1337 suoi
551 1300 653 1344 colpi
681 1312 701 1336 e
729 1301 787 1337 eoi
815 1301 927 1344 segni
963 1299 1001 1335 di
1033 1299 1215 1337 bruciato
1248 1299 1321 1336 che
1354 1299 1488 1336 lascis.
1510 1324 1526 1342 ,‚
1623 1310 1671 1325 —-·-
1691 1299 1842 1336 *inusta

352 1349 509 1393 vaporis
535 1349 652 1392 sz'yna
681 1346 695 1362 ‘⁴
717 1348 729 1384 i
755 1350 868 1392 segni
893 1346 996 1385 caldi
1023 1359 1043 1384 e
1069 1347 1240 1384 fumanti
1269 1347 1464 1393 (vaporis)
1501 1345 1732 1392 improntati
1767 1356 1841 1384 cen
1870 1362 1872 1394 j

351 1395 584 1432 bruciatura
607 1421 638 1438 „.
665 1395 787 1433 Lotzc
815 1395 907 1433 vuol
941 1395 1089 1432 caloris
1112 1407 1183 1439 per
1210 1396 1392 1442 vaporis‚·
1423 1406 1486 1431 ma
1514 1395 1556 1431 in
1581 1393 1698 1432 Luer.
1717 1403 1842 1440 vapor

351 1442 532 1487 significa
565 1442 692 1480 anche
728 1443 848 1489 calor,
882 1455 902 1480 e
938 1454 1017 1479 non
1053 1441 1273 1480 escluderei
1304 1441 1534 1487 qui-anche
1564 1439 1691 1479 l'idea
1714 1438 1841 1478 d'una

351 1491 575 1528 esaiazione
593 1502 800 1534 vaporosa.
899 1511 943 1514 —
965 1489 1050 1525 221.
1070 1494 1325 1536 notaeque...
1353 1501 1500 1536 auras;
1524 1489 1565 1527 la
1589 1487 1840 1529 eostruzione

351 1549 428 1575 non
452 1537 472 1575 ὲ
496 1538 754 1575 ohim-issima.
781 1538 819 1575 Si
848 1537 868 1575 ὲ
891 1538 1034 1575 tentati
1057 1537 1095 1574 di
1115 1538 1205 1575 unir
1231 1541 1345 1575 notae
1362 1549 1434 1575 con
1453 1537 1642 1584 sulpuris,
1663 1547 1686 1574 e
1702 1534 1842 1581 quindi

354 1586 370 1600 “
395 1585 508 1630 segni
534 1585 571 1622 di
599 1586 699 1623 solfo
733 1587 911 1631 spirante
939 1585 1134 1629 (halantis
1160 1587 1265 1630 gen.)
1293 1597 1417 1629 grave
1443 1596 1568 1630 puzzo
1590 1610 1609 1628 ,‚
1637 1595 1660 1622 ο
1687 1584 1706 1602 “
1725 1583 1839 1628 segni
1869 1590 1872 1592 “

351 1633 390 1669 (1ἰ
415 1633 514 1670 solfo
543 1633 709 1678 spiranti
734 1634 948 1677 (halantes)
976 1645 1098 1678 grave
1125 1644 1248 1677 puzzo
1267 1644 1308 1676 „3
1336 1645 1400 1670 ina
1425 1631 1570 1677 meglio
1595 1631 1656 1670 eol
1676 1630 1840 1669 Munro:

349 1685 463 1718 notae
482 1681 664 1718 halantes
681 1693 821 1727 yraves
847 1693 971 1718 auras
996 1681 1177 1727 sulpuris
1207 1679 1220 1695 “
1243 1692 1264 1717 e
1290 1680 1327 1718 lc
1353 1679 1550 1725 impronte
1576 1678 1756 1724 (lasoiate
1774 1677 1840 1715 dal

349 1728 530 1773 fulmine)
569 1728 737 1773 spiranti
771 1741 894 1773 grave
930 1740 1052 1773 puzzo
1088 1727 1125 1765 di
1159 1728 1259 1766 solfo
1282 1754 1313 1772 „.
1413 1746 1455 1752 —-
1491 1727 1572 1763 223.
1607 1729 1707 1766 tecta
1740 1725 1838 1764 dom.

349 1788 419 1813 son
446 1777 513 1820 qui
551 1777 847 1821 propriamente
886 1776 897 1812 i
932 1776 1035 1821 tetti⁷
1067 1787 1092 1813 a
1125 1775 1188 1813 cui
1221 1775 1254 1813 si
1286 1778 1558 1821 conti-appone
1593 1775 1637 1812 in
1675 1773 1840 1813 aedibus

348 1826 458 1869 ipsis.
557 1844 597 1849 --
626 1822 710 1859 224.
738 1824 1021 1868 dominantum
1054 1835 1089 1860 v.
1120 1826 1217 1860 nota
1250 1835 1275 1860 a
1307 1824 1365 1868 89,
1400 1834 1422 1860 e
1457 1822 1731 1861 dominantior
1755 1820 1836 1858 238.

348 1871 550 1908 Potrcbbe
589 1883 718 1908 essere
757 1871 828 1909 che
866 1873 934 1908 317
973 1883 1030 1916 sg.
1069 1871 1226 1908 vadano
1265 1870 1333 1916 qui
1370 1869 1500 1908 vicino
1543 1868 1653 1914 (vedi
1688 1868 1840 1907 Excur-

349 1925 440 1968 sus).
522 1945 568 1949 —
588 1924 670 1960 225.
693 1937 777 1962 cam
793 1927 941 1970 primis
962 1924 1121 1970 iynibas
1144 1939 1184 1954 =
1208 1936 1293 1962 cam
1313 1925 1464 1970 primis.
1487 1911 1520 1960 1³⁴]
1542 1921 1743 1968 singolare
1765 1921 1838 1960 che

348 1972 415 2017 qui
441 1972 499 2009 sia
526 1984 705 2017 esprcsso
723 1972 750 2009 il
767 1984 893 2018 nome,
913 1973 984 2009 che
1011 1984 1084 2010 con
1106 1973 1310 2018 inprimis
1328 1984 1348 2008 e
1368 1983 1454 2008 cum
1471 1972 1619 2018 primis
1639 1968 1660 2007 ὸ
1679 1981 1834 2024 sempre

347 2020 567 2057 sottinteso.
595 2019 697 2057 Pero
723 2023 830 2057 resta
852 2032 998 2058 ancora
1024 2019 1232 2057 sottinteso
1258 2018 1490 2062 subtilibu83
1517 2015 1683 2063 giaeehe
1710 2016 1732 2055 ὁ
1758 2028 1839 2054 ev1-

348 2067 466 2104 dente
493 2068 565 2104 che
592 2068 702 2105 homo
723 2080 808 2104 cam
824 2070 968 2114 primis
983 2067 1237 2113 facinorosus
1255 2078 1333 2104 non
1352 2066 1443 2104 vale
1461 2065 1572 2104 homo
1592 2077 1678 2103 cum
1691 2066 1840 2112 primis

348 2115 572 2152 hominibus
598 2114 863 2161 facinorosus,
884 2127 946 2152 ma
961 2118 976 2152 ε’
996 2115 1106 2152 homo
1134 2126 1219 2152 cum
1235 2116 1379 2160 primis
1408 2113 1653 2160 facinorosis
1670 2112 1838 2150 homini-

349 2163 418 2199 bus
435 2162 700 2208 facinorosas.
775 2183 820 2187 ——
833 2163 907 2198 228
926 2175 1008 2207 sgg.
1026 2163 1094 2199 cfr.
1112 2163 1180 2199 347
1192 2174 1275 2206 sgg.
1294 2162 1332 2206 (e
1346 2161 1581 2205 Excursus).
1655 2178 1701 2186 ·-
1722 2163 1838 2197 tran-

346 2213 399 2247 sil
426 2215 498 2248 cte.
526 2210 593 2247 cfr.
621 2211 640 2247 Ι
666 2211 736 2247 354
764 2223 809 2255 sg
855 2222 875 2247 e
902 2211 971 2247 489
997 2222 1052 2254 sg.
1075 2210 1234 2246 Lachm.
1263 2221 1284 2246 e
1310 2209 1430 2246 Bern.
1455 2209 1580 2246 fanno
1605 2206 1645 2245 di
1670 2207 1741 2245 228
1767 2207 1838 2244 229

346 2270 399 2294 un
427 2270 540 2295 verso
567 2258 661 2302 solo,
690 2257 929 2295 eliminando
951 2269 1024 2304 per
1049 2261 1157 2303 septa
1183 2257 1393 2294 domorum.
1413 2256 1574 2294 Clamor
1593 2259 1637 2292 ut
1663 2266 1709 2292 ac
1729 2265 1836 2292 voces

348 2308 506 2342 transit.
530 2306 593 2342 Ma
614 2317 638 2342 a
659 2306 823 2350 ragione
846 2305 1059 2342 difendono
1081 2305 1119 2341 la
1138 2304 1359 2341 tradiziono
1379 2303 1546 2348 Brieger
1564 2315 1586 2340 e
1603 2302 1836 2347 Nenmanm

346 2365 367 2390 e
402 2353 528 2389 anche
562 2353 702 2389 Munro
737 2365 928 2390 conserva
955 2353 991 2390 lc
1017 2351 1154 2397 parole
1180 2352 1444 2398 incriminato,
1469 2349 1566 2396 pero
1593 2348 1787 2394 esitando,
1812 2360 1836 2387 e

344 2412 423 2437 non
445 2399 661 2437 vedendoci
691 2402 708 2418 “
727 2399 771 2437 fit
797 2400 998 2445 exemplos
1024 2400 1069 2437 of
1090 2400 1158 2436 the
1181 2402 1359 2437 extreme
1381 2399 1488 2436 force
1510 2398 1556 2436 of
1573 2396 1774 2443 lightning
1795 2409 1837 2442 „3

345 2461 407 2484 ina
439 2460 515 2485 non
549 2449 580 2484 si
612 2450 736 2484 tratta
767 2447 805 2484 (li
824 2448 945 2493 forzu,
983 2447 1095 2485 bensi
1122 2447 1160 2483 di
1196 2447 1442 2491 sottigliczza
1469 2445 1576 2490 degli
1601 2444 1736 2490 atomi,
1762 2443 1835 2498 elie

343 2507 486 2539 passan
514 2495 646 2540 percio
674 2495 723 2531 da
751 2507 821 2539 per
851 2499 967 2540 tutto,
994 2508 1014 2532 c
1037 2495 1186 2532 clamor
1212 2499 1247 2532 et
1271 2506 1378 2532 voces
1403 2505 1473 2531 son
1500 2494 1610 2531 certo
1634 2503 1836 2530 aceoncis-

344 2543 428 2579 simi
452 2543 598 2587 esempi
618 2542 654 2579 di
676 2548 846 2579 cstrema
865 2543 1111 2588 sottigliezza
1133 2542 1313 2579 atomica.
1333 2541 1407 2579 Nel
1429 2541 1556 2586 primo
1575 2539 1678 2580 libro
1699 2539 1834 2576 hanno

344 2590 505 2633 servito,
527 2590 689 2627 insieme
711 2590 770 2627 col
792 2590 958 2627 fulmine
980 2596 1105 2628 stesso
1123 2590 1156 2634 ([
1175 2591 1270 2634 489).
1292 2601 1317 2626 a
1335 2588 1569 2626 dimostrato
1591 2587 1630 2624 la
1652 2590 1835 2632 penetra-

344 2637 459 2675 bilita
481 2637 542 2675 (lei
566 2638 684 2682 corpi‚
712 2651 732 2674 e
755 2638 795 2674 in
813 2641 953 2682 questo
974 2638 1058 2675 loro
1081 2637 1248 2674 servizio
1271 2648 1340 2674 era
1360 2648 1460 2682 pure
1477 2634 1670 2681 implicita
1690 2634 1731 2672 la
1752 2636 1837 2671 ato-

343 2685 446 2722 mica
464 2685 726 2729 sottigliezza:
745 2685 784 2722 la
803 2685 921 2729 quale
936 2686 1003 2730 qui
1019 2684 1040 2722 ὸ
1055 2684 1351 2722 naturalmente
1372 2683 1582 2721 sottintesa
1600 2693 1672 2728 per
1689 2682 1837 2719 clamor

345 2736 379 2769 et
404 2744 519 2777 voces,
543 2733 590 2769 cd
608 2736 923 2777 espressamente
949 2733 1160 2770 affermata
1181 2731 1246 2776 pel
1267 2731 1435 2768 fulmine
1458 2741 1527 2776 per
1545 2729 1622 2776 cib,-
1634 2728 1707 2767 ehe
1725 2727 1747 2766 ὸ
1769 2739 1835 2774 pe-

344 2784 527 2817 netrante
549 2792 655 2817 come
675 2781 822 2817 clamor
841 2784 875 2817 el
893 2793 1007 2818 voces.
1084 2799 1125 2804 -
1142 2779 1225 2814 230.
1244 2779 1349 2816 Nota
1369 2778 1408 2815 la
1427 2778 1538 2815 tmesi
1554 2781 1716 2824 puncto.
1735 2802 1743 2809 -
1757 2801 1767 2811 .
1790 2778 1834 2813 in
1869 2784 1872 2785 ’
