1872 3002
346 181 373 226 8
761 176 848 232 DE
878 174 1113 222 RERUM
1142 173 1422 222 NATURA

375 289 464 333 quo
494 288 640 331 neque
671 275 826 318 noster
857 270 954 317 adit
985 268 1230 328 quisquam
1260 284 1344 316 nec
1373 269 1598 318 barbarus
1628 270 1799 324 audet?
1854 262 1872 315 l!

377 344 526 386 cetera
558 338 611 383 de
643 351 809 395 genere
841 335 927 382 hoc
959 350 1076 394 quae
1109 338 1216 382 sunt
1247 338 1458 397 portenta
1489 328 1737 398 peremptffl
1859 318 1872 382 i

374 405 412 451 si
444 419 535 450 non
566 402 690 448 victa
722 400 885 454 forent,
919 400 1030 459 quid
1063 399 1249 446 tandem
1281 399 1390 447 viva
1420 401 1668 449 nocerent?
1698 417 1705 449 ,s
1856 386 1872 454 i

375 469 453 526 nil,
487 473 538 514 ut
569 467 752 525 opinor:
785 465 854 513 ita
885 465 944 512 ad
977 465 1188 512 satiatem
1222 469 1347 512 terra
1377 465 1581 514 ferarum
1689 511 1691 519 s
1856 451 1872 511 ἦ

299 553 345 589 40
375 550 498 581 nunc
529 533 668 579 etiam
699 531 836 578 scatit
868 535 912 577 et
942 530 1122 589 trepido
1153 532 1326 577 terrere
1357 530 1535 590 repleta
1565 535 1634 580 est
1684 556 1685 559 ¹
1839 513 1872 598 fi

375 616 455 658 per
486 613 674 645 nemora
706 612 760 643 ao
791 601 969 643 montes
1000 611 1195 654 magnos
1227 595 1457 655 silvasque
1488 595 1758 656 profundas;
1853 595 1872 690 ³

374 681 490 724 quae
521 663 621 710 loca
652 661 832 710 vitandi
863 661 1130 720 plerumque
1162 665 1230 708 est
1261 665 1419 708 nostra
1449 666 1664 720 potestas.

375 735 422 776 at
453 728 542 776 nisi
574 730 869 787 purgatumst
899 730 1070 785 pectus,
1104 741 1220 785 quae
1252 725 1424 785 proelia
1455 725 1585 774 nobis
1855 718 1872 779 ξ

375 800 511 854 atque
542 792 747 853 pericula
777 796 922 839 tumst
952 791 1152 850 ingratis
1183 790 1534 844 insinuandum!
1621 837 1651 852 ²,
1856 787 1872 837 ,ἐ

298 878 343 914 45
375 866 572 921 quantae
604 864 703 906 tum
735 858 951 906 scindunt
975 857 1208 904 hominem
1241 857 1508 916 cuppedinis
1539 872 1666 907 acres
1868 867 1872 869 “

374 926 620 974 sollicitum
653 939 802 982 curae,
836 922 1087 983 quantique
1119 922 1306 984 perinde
1338 922 1551 970 timores!

373 991 540 1051 quidve
573 989 787 1049 superbia
819 987 1042 1047 spurcitia
1073 1003 1127 1034 ac
1157 987 1452 1052 petulantia?
1476 991 1674 1047 quantas

373 1057 577 1104 efficiunt
611 1055 780 1102 clades!
814 1053 926 1112 quid
958 1053 1097 1100 luxus
1129 1052 1454 1112 desidiaeque?

373 1122 485 1168 haec
515 1122 662 1180 igitur
694 1120 774 1179 qui
805 1123 971 1165 cuncta
1001 1117 1236 1176 subegerit
1268 1134 1330 1164 ex·
1356 1117 1602 1178 animoque
1839 1171 1843 1174 ¹

295 1205 341 1241 50
372 1187 599 1246 expulerit
632 1185 779 1242 dictis,
813 1200 904 1231 non
937 1183 1091 1240 armis,
1125 1199 1276 1230 nonne
1309 1182 1486 1230 decebit
1592 1223 1595 1227 Δ
1695 1194 1699 1196 ’
1848 1136 1872 1264 ἶ

373 1253 495 1299 hunc
526 1251 759 1298 hominem
790 1265 980 1296 numero
1012 1248 1169 1295 divom
1201 1248 1437 1307 dignarier
1469 1248 1596 1296 esse?
1647 1274 1652 1275 ν
1860 1263 1872 1307 ξ

344 1466 448 1491 vera.
522 1472 565 1478 -—
584 1451 645 1489 36.
663 1451 792 1496 audet,
811 1447 894 1487 cioe
914 1450 1037 1487 adire.
1109 1467 1154 1473 —-
1172 1447 1233 1485 41.
1251 1447 1320 1485 cfr.
1339 1447 1409 1485 952
1430 1458 1451 1484 e
1472 1448 1554 1484 990.
1621 1465 1667 1472 -—
1686 1443 1750 1484 44.
1771 1447 1833 1484 in·

342 1504 497 1547 9ratz‘s‚·
522 1501 580 1537 Pl.
603 1512 624 1537 e
651 1499 739 1536 Ter.
761 1510 886 1535 usano
912 1497 949 1534 le
975 1496 1100 1534 forme
1127 1496 1196 1541 piu
1228 1496 1345 1541 piene
1376 1496 1526 1540 qratiis
1556 1506 1578 1532 e
1611 1495 1856 1540 inpratiisfg

343 1551 473 1595 ‚oratis
499 1561 520 1586 e
546 1549 722 1594 inyratis
748 1546 874 1583 anche
901 1544 1104 1583 Cicerone.
1201 1563 1245 1568 —
1269 1541 1329 1580 45.
1355 1542 1427 1580 cfr.
1451 1542 1515 1579 111
1540 1542 1610 1580 992
1635 1542 1722 1580 Aut
1745 1541 1832 1580 alia
1846 1560 1861 1584 <21

345 1599 483 1644 quavis
508 1596 695 1633 scindunt
729 1593 941 1640 cuppedine
976 1604 1107 1629 curae·
1209 1610 1253 1615 —-
1290 1602 1411 1635 acre-9,
1443 1601 1534 1639 mss.
1559 1589 1604 1627 L.
1629 1589 1702 1626 Bu.
1729 1588 1854 1636 Mag·

344 1647 451 1682 acris
476 1644 568 1688 Brg.
591 1642 717 1680 dietro
743 1645 931 1686 proposta
945 1639 1091 1684 Bergk.
1187 1636 1306 1675 -46,
1322 1637 1486 1685 perinde
1494 1650 1512 1684 ;
1541 1635 1646 1675 choi
1673 1638 1812 1675 timore
1846 1594 1872 1675 i

345 1705 415 1730 son
442 1691 589 1729 diretta
615 1701 890 1734 conseguenza
915 1687 1020 1724 della
1045 1686 1256 1734 cupiditas,
1281 1684 1667 1730 dell'appassionato
1698 1675 1872 1722 attae-3

343 1743 525 1777 camento
551 1751 575 1776 a
600 1737 814 1782 ricchezze,
839 1735 964 1781 onori,
994 1746 1072 1772 ecc.
1171 1754 1215 1759 —
1248 1732 1307 1769 47.
1339 1734 1549 1780 spurcitia,
1581 1731 1597 1747 ‘⁴
1618 1732 1830 1778 regoismo
1852 1722 1872 1769 l

343 1787 501 1825 sordido
528 1799 549 1823 e
575 1785 736 1824 crudele
755 1794 795 1829 „;
830 1782 902 1821 che
933 1784 1140 1829 spurcitia.
1167 1781 1268 1819 oltre
1303 1780 1343 1818 al
1377 1779 1603 1826 significare
1635 1779 1676 1818 la
1708 1779 1832 1818 sordi·
1854 1787 1872 1823 χι·

343 1835 464 1873 dezza
489 1833 600 1871 fisica
627 1845 647 1870 e
673 1833 835 1877 morale,
860 1830 882 1868 ὁ
909 1830 1018 1868 detto
1044 1842 1116 1875 per
1141 1829 1180 1866 la
1205 1827 1364 1866 sordida
1389 1827 1568 1866 avarizia
1592 1839 1615 1865 e
1636 1825 1828 1872 rapacia,
1858 1827 1872 1880 3

343 1895 363 1920 e
392 1883 540 1920 d‘altra
566 1883 680 1926 parte
707 1879 837 1918 Nonio
869 1877 920 1915 de
956 1890 1065 1916 come
1096 1876 1297 1922 primitivo
1331 1874 1555 1921 significato
1589 1873 1628 1912 di
1663 1886 1832 1922 spurcus
1848 1882 1872 1921 ,ἐξ

343 1930 475 1975 quello
502 1929 541 1966 di
566 1940 716 1973 saevus,
742 1928 1046 1973 sanquinem-ius,
1071 1937 1126 1962 un
1152 1935 1267 1962 senso
1281 1923 1366 1975 &che
1392 1922 1594 1969 s’attaglia
1618 1922 1722 1960 bone
1747 1922 1827 1968 qui,
1858 1922 1872 1956 1⁴,

341 1981 405 2015 tra
430 1976 617 2024 superbia
641 1974 915 2020 (prepotenza)
937 1986 957 2011 e
972 1973 1209 2020 petulantia.
1299 1990 1346 1996 —
1361 1970 1420 2008 50.
1441 1971 1570 2016 dictis,
1586 1981 1667 2008 non
1683 1970 1863 2009 (cr-misni

342 2025 469 2080 anche
495 2025 536 2062 in
561 2023 620 2062 cio
647 2023 818 2068 Epicuro
845 2020 866 2059 ὲ
893 2020 1096 2076 superiore
1123 2019 1175 2057 ad
1199 2019 1353 2057 Ercole.
1453 2038 1491 2044 -—
1525 2018 1582 2056 51.
1607 2018 1828 2064 dionarier,
1851 2013 1872 2080 ᾖ

341 2085 510 2118 passivo,
537 2074 652 2109 usato
677 2070 804 2107 anche
836 2069 887 2106 da
921 2068 1123 2107 Cicerone.
1221 2087 1265 2092 -
1300 2078 1486 2114 numero;
1514 2065 1686 2110 Bentley
1711 2065 1829 2103 vuole
1867 2072 1872 2079 ¹

342 2133 504 2158 numero
531 2122 585 2162 in,
612 2132 632 2156 e
658 2119 825 2162 Langen
851 2117 974 2161 (Phil.
999 2117 1058 2162 34,
1081 2129 1119 2161 p.
1144 2115 1206 2159 34)
1230 2117 1275 2152 in
1306 2126 1481 2152 numero.
1515 2113 1583 2150 Ma
1617 2111 1685 2151 o'e
1719 2112 1827 2150 buon
1843 2146 1850 2153 ,

342 2181 504 2206 numero
531 2167 569 2204 di
597 2165 835 2211 esempidel
870 2163 1055 2208 semplice
1086 2174 1249 2201 numero
1272 2161 1430 2207 (ans.:
1458 2165 1572 2200 erant
1597 2160 1705 2207 apud
1731 2159 1826 2198 Gae—
1852 2168 1855 2170 ’

341 2229 470 2254 sarem
505 2217 676 2261 equitum
710 2224 871 2250 nutriero
915 2210 1146 2256 Allobroqes
1181 2211 1269 2255 duo,
1308 2222 1329 2247 e
1363 2210 1524 2247 deorum
1560 2219 1722 2246 numero
1763 2219 1851 2256 eos*

341 2265 443 2302 solos
479 2264 628 2300 ducunt
666 2273 760 2308 quos
791 2263 958 2297 cernunt
969 2272 984 2305 ,·
1009 2258 1143 2296 Livio:
1185 2262 1230 2295 ut
1271 2258 1473 2295 hominum
1501 2259 1548 2294 ut
1576 2257 1720 2294 civium
1755 2266 1848 2293 nun

339 2323 444 2349 mero
475 2313 598 2348 simus
627 2309 735 2355 etc.);
771 2307 820 2345 ed
846 2307 867 2345 ὲ
901 2319 996 2344 vero
1024 2306 1096 2344 che
1122 2317 1202 2343 esse
1233 2316 1408 2350 numero,
1433 2315 1553 2342 senza
1578 2305 1635 2348 in,
1659 2302 1729 2348 pin
1753 2302 1843 2342 che)

339 2360 366 2396 il
385 2371 499 2396 senso
525 2357 561 2395 di
592 2358 611 2375 “
629 2360 894 2402 appartenere
921 2367 944 2391 a
965 2384 980 2400 „
1009 2354 1062 2390 ha
1088 2353 1220 2398 quello
1246 2352 1285 2390 di
1313 2352 1329 2368 ‘⁴
1350 2352 1486 2390 valere
1503 2363 1588 2397 per,
1605 2361 1833 2389 essm-con-

339 2406 512 2444 siderato
545 2417 653 2442 come
683 2415 795 2447 ecc.„
823 2403 881 2446 (=
903 2402 1017 2445 loco):
1056 2413 1120 2438 ma
1158 2400 1179 2438 ὸ
1217 2402 1396 2446 appunto
1432 2398 1465 2436 il·
1492 2410 1584 2436 caso
1618 2400 1766 2444 nostro,
1803 2410 1848 2436 o,

339 2467 419 2492 non
439 2454 521 2492 solo
549 2465 628 2490 non
653 2451 717 2489 c'e
749 2450 915 2495 ragione
941 2449 980 2486 di
1005 2452 1173 2494 mutare,
1198 2461 1262 2486 ma
1288 2447 1320 2486 c'
1336 2447 1358 2486 ὸ
1383 2447 1549 2493 ragione
1575 2445 1615 2484 di
1638 2457 1718 2484 non
1743 2457 1826 2483 mu-

338 2506 436 2539 tare.
469 2500 530 2538 Ne
562 2503 649 2537 osta
683 2499 755 2537 che
790 2498 857 2535 nel
887 2497 957 2542 piu
991 2496 1097 2542 degli
1136 2495 1286 2541 esempi
1322 2495 1356 2533 si
1393 2494 1507 2533 tratti
1542 2493 1582 2531 di
1609 2493 1692 2539 pin,
1717 2505 1845 2539 men-g

340 2553 399 2587 tre
433 2549 501 2593 qui
535 2548 567 2585 si
598 2549 724 2585 tratta
761 2545 801 2583 di
834 2557 889 2582 un
922 2545 1026 2590 solo;
1065 2542 1138 2582 che
1172 2544 1272 2581 oltre
1298 2542 1338 2580 al
1371 2542 1523 2580 seriore
1559 2539 1725 2586 Quintil.
1760 2540 1854 2578 111³>

339 2599 360 2634 6
389 2598 455 2634 102
482 2598 520 2634 si
551 2599 648 2633 esset
677 2605 839 2631 numero
873 2593 1106 2637 alienorum,
1141 2591 1202 2629 c'e
1233 2591 1360 2628 anche
1393 2589 1534 2627 Asinio
1563 2587 1764 2633 Pollione,
1780 2586 1850 2625 in4'

338 2643 415 2682 Cic.
435 2645 487 2681 ad
503 2643 599 2690 fam.
616 2642 656 2680 X
673 2643 717 2679 31
739 2643 760 2679 6
782 2641 884 2688 quod
908 2639 1154 2687 familiarem
1179 2651 1304 2677 meum
1329 2643 1487 2676 tuorum
1511 2647 1674 2675 neomero
1693 2634 1841 2676 habes-J,

339 2713 382 2718 —
408 2692 484 2729 Del
509 2695 614 2729 resto
642 2691 782 2735 questa
808 2687 986 2733 apoteosi
1007 2687 1047 2724 di
1071 2687 1242 2732 Epicuro
1268 2697 1347 2724 non
1373 2684 1395 2723 ὸ
1420 2697 1476 2722 un
1500 2683 1591 2722 volo
1610 2683 1765 2729 poetico
1782 2681 1829 2732 ἀί

335 2739 538 2786 Lucrezio‚
565 2751 628 2776 ma
653 2738 745 2775 vien
771 2736 893 2774 dritta
919 2735 1026 2773 dalla
1051 2734 1270 2772 tradizione
1305 2746 1326 2771 e
1359 2732 1465 2770 dalla
1496 2731 1673 2771 dottrina
1697 2726 1834 2768 stesso-³

338 2788 535 2838 epicurea.
561 2787 620 2824 Le.
646 2783 908 2828 venerazione
934 2795 1006 2835 per
1030 2782 1201 2831 Epicuro
1228 2781 1279 2825 da
1304 2782 1419 2833 parte
1450 2778 1556 2818 della
1589 2790 1663 2820 sua
1687 2776 1833 2820 scuola.
