1872 3002
364 150 448 195 152
773 149 859 196 DE
889 148 1122 197 RERUM
1153 149 1431 198 NATURA

270 259 360 295 1280
392 245 452 292 sit
483 246 661 293 facilest
691 245 781 304 ipsi
813 261 893 303 per
923 249 969 292 te
1001 260 1290 304 cognoscere,
1323 245 1527 294 Memmi.

392 326 520 356 arma
552 310 743 369 antiqua
774 326 938 357 manus
970 326 1149 369 ungues
1181 310 1427 370 dentesque
1457 311 1656 372 fuerunt,

394 381 437 421 ct
470 375 644 433 lapides
677 380 721 422 et
755 375 864 422 item
898 375 1121 423 silvarum
1153 375 1387 435 fragmina
1419 377 1550 436 rami,
1603 426 1605 428 ,

394 446 436 485 et
462 440 648 486 flamma
674 444 811 498 atque
838 439 983 498 ignes,
1012 444 1254 499 postquam
1287 445 1395 488 sunt
1420 415 1609 500 cogn'ita
1632 459 1846 503 primum.

392 505 616 562 posterius
649 505 759 551 ferri
791 505 862 551 vis
894 509 962 552 est
993 504 1204 564 aerisque
1236 509 1431 569 reperta.

270 589 359 625 1285
392 575 435 616 et
468 570 592 628 prior
624 570 742 617 aeris
774 575 874 617 erat
906 586 1044 630 quam
1076 570 1188 618 ferri
1220 571 1432 630 cognitus
1464 587 1587 631 usus,

393 651 481 693 quo
514 635 662 682 facilis
695 636 845 693 magis
877 640 945 684 est
975 641 1145 684 natura
1176 640 1221 683 et
1253 637 1384 696 copia
1414 637 1576 687 maior.
1634 649 1638 651 “

393 716 495 746 aere
528 700 674 748 solum
705 705 855 748 terrae
889 702 1167 760 tractabant,
1201 717 1395 761 aereque
1427 701 1535 750 belli

362 876 395 924 E
435 887 587 925 curioso
620 899 803 925 osservar
839 887 908 932 qui
942 899 1051 925 come
1084 885 1161 925 due
1194 886 1282 925 idee
1314 886 1474 926 cozzino
1503 879 1612 930 n611a
1642 890 1774 934 mente
1809 888 1872 933 (11,

362 936 566 972 Luerezio.
592 935 654 972 Da
681 947 761 972 una
787 938 903 980 parte
930 935 982 972 ha
1009 934 1049 971 in
1076 936 1208 972 mente
1244 934 1284 971 di
1310 935 1552 980 completam
1584 935 1850 981 l’argomento

363 983 425 1019 dci
453 982 616 1027 metalli,
652 995 672 1019 e
699 982 798 1020 dirci
826 982 890 1020 del
917 982 1024 1020 ferro
1059 993 1169 1019 come
1205 994 1335 1020 venne
1365 982 1407 1019 in
1440 995 1512 1021 uso
1542 982 1613 1028 piu
1649 983 1754 1022 tardi
1786 983 1851 1023 del

364 1031 529 1075 bronzo3
557 1029 699 1067 d'altra
726 1032 852 1076 parte,
878 1041 988 1067 come
1015 1042 1056 1066 se
1083 1029 1344 1074 l'argomento
1370 1029 1434 1068 dei
1459 1030 1612 1070 metalli
1643 1031 1702 1070 sia
1735 1043 1852 1070 esau-

362 1078 450 1122 rito,
478 1076 542 1114 c’e
568 1077 829 1122 l'argomento
856 1076 958 1115 delle
986 1077 1085 1114 armi
1115 1089 1135 1114 e
1162 1076 1266 1114 delle
1292 1076 1448 1115 diverse
1474 1078 1600 1116 forme
1620 1077 1659 1116 di
1679 1079 1852 1118 combat
1865 1119 1870 1126 Δ,

364 1126 530 1162 timento
557 1125 628 1162 che
654 1125 760 1162 insta
785 1125 1044 1170 impaziente·
1078 1124 1116 1162 le
1143 1123 1220 1162 due
1256 1124 1456 1169 questioni
1489 1125 1523 1163 si
1548 1125 1798 1164 contendono
1824 1127 1852 1164 il

363 1184 498 1217 passo3
526 1185 547 1210 e
573 1172 713 1217 poiche
739 1172 847 1210 ferro
873 1174 922 1210 ed
948 1172 1048 1209 armi
1073 1184 1170 1210 sono
1197 1184 1296 1216 pure
1322 1171 1410 1210 idee
1429 1173 1552 1211 molto
1569 1173 1690 1219 affini,
1714 1174 1752 1212 le
1770 1173 1847 1212 due

365 1220 563 1265 questioni
589 1219 781 1257 finiseono
807 1232 878 1265 per
904 1220 1018 1257 venir
1043 1219 1149 1256 fuori
1187 1219 1364 1264 insieme,
1390 1202 1698 1259 intrecciandos’i
1733 1221 1851 1259 l’una.

363 1267 572 1304 ncll’altra.
600 1267 753 1312 Infatti,
781 1267 882 1312 dopo
909 1267 1123 1305 enunciata
1149 1267 1189 1304 la
1214 1267 1290 1304 tesi
1325 1279 1399 1314 quo
1422 1272 1534 1314 pacto
1560 1268 1668 1315 ferri
1699 1273 1850 1307 natura

364 1319 522 1361 reperta
547 1317 611 1360 sit,
638 1315 754 1353 viene
783 1316 872 1352 1281
900 1327 944 1359 sg
919 1327 983 1360 gg.
1016 1328 1040 1352 a
1066 1314 1127 1351 dir
1159 1314 1299 1352 invece
1334 1315 1443 1360 quali
1478 1315 1622 1354 furono
1654 1315 1692 1354 le
1724 1317 1865 1362 prime

363 1363 475 1408 armi,
501 1375 572 1407 per
597 1362 844 1407 aggiungere
872 1362 944 1400 che
970 1375 994 1399 a
1021 1362 1153 1407 quelle
1180 1361 1454 1401 suceedettero
1480 1364 1580 1403 armi
1607 1363 1647 1402 di
1663 1363 1811 1403 bronzo
1829 1376 1872 1402 ew

364 1410 403 1446 di
429 1409 535 1447 ferro
560 1410 702 1455 (1284);
729 1422 750 1447 e
776 1410 903 1447 allora
928 1410 1100 1448 soltanto
1118 1411 1272 1447 rientra
1298 1409 1405 1447 nella
1423 1410 1631 1455 questione
1647 1410 1712 1451 del
1731 1411 1851 1456 ferro,

364 1457 427 1494 ‹lel
454 1457 571 1502 quale
591 1457 676 1494 dice
694 1457 867 1495 soltanto
889 1457 961 1495 che
979 1457 1024 1494 fu
1042 1457 1261 1502 posteriore
1279 1457 1319 1495 al
1337 1458 1496 1496 bronzo.
1517 1458 1606 1497 Non
1624 1458 1646 1498 ὸ
1663 1459 1703 1497 la
1722 1460 1853 1504 prima

364 1505 473 1543 volta
500 1505 571 1542 che
597 1505 784 1542 abbiamo
810 1505 1016 1543 occasione
1055 1504 1095 1542 di
1121 1517 1326 1543 osservare
1361 1517 1470 1543 come
1507 1518 1691 1552 avvenga
1719 1517 1748 1545 a
1773 1507 1872 1545 Lua·

364 1552 492 1590 crezio
518 1552 590 1590 che
618 1552 656 1589 la
681 1565 814 1598 penna
840 1564 955 1590 corra
980 1564 1004 1589 a
1030 1553 1216 1595 scrivere,
1242 1552 1370 1597 prima
1395 1553 1468 1591 che
1493 1553 1533 1590 la
1558 1553 1742 1599 regolare
1775 1553 1851 1592 dis·

363 1600 565 1684 goslizjone
597 1612 618 1637 e
651 1599 986 1638 concatenazione
1013 1599 1077 1637 dei
1111 1600 1284 1645 pensieri
1316 1600 1375 1637 sia
1407 1600 1544 1639 fissata
1576 1601 1683 1641 nella
1718 1604 1872 1640 menter

392 1660 403 1684 1
446 1659 498 1684 ui.
1869 1664 1872 1665 ⁷

459 1695 565 1730 1279.
593 1695 708 1733 Circa
734 1708 757 1732 a
783 1695 892 1741 ferri
916 1699 1064 1733 natura
1103 1707 1135 1732 v.
1166 1694 1205 1731 la
1240 1697 1335 1732 nota
1364 1695 1466 1734 1239.
1506 1715 1547 1721 --
1579 1695 1616 1734 11
1654 1708 1770 1735 senso
1808 1695 1850 1735 di

364 1745 503 1787 questo
528 1755 644 1781 verso
670 1755 691 1780 e
719 1743 782 1780 del
818 1745 1010 1788 seguente
1043 1743 1083 1779 in
1117 1744 1302 1780 sostanza
1334 1741 1355 1780 ὲ
1390 1745 1551 1787 questo:
1581 1742 1778 1788 “Quanto
1811 1743 1850 1783 al

364 1791 483 1836 ferro,
514 1791 587 1828 che
621 1803 750 1828 venne
786 1790 887 1836 dopo
921 1790 1052 1836 questi
1084 1790 1177 1827 altri
1210 1790 1372 1835 metalli,
1405 1793 1450 1828 tu
1482 1803 1505 1828 o
1538 1791 1723 1830 Memmio
1758 1786 1872 1836 111ιοί-

363 1850 531 1882 pensare
558 1837 608 1875 da
632 1841 672 1875 te
706 1838 778 1876 che
804 1839 1003 1893 anzitutto
1029 1838 1073 1875 fu
1098 1840 1256 1875 trovato
1283 1837 1363 1875 alla
1389 1840 1516 1876 stessa
1546 1839 1725 1878 maniera
1745 1838 1872 1884 degli*

363 1885 456 1922 altri
477 1886 640 1940 met-alli.
667 1899 687 1923 e
714 1886 778 1930 poi
804 1898 874 1930 per
892 1886 959 1923 via
984 1885 1023 1922 di
1043 1885 1300 1930 esperimenti
1318 1897 1339 1923 e
1357 1885 1556 1924 confronti
1581 1887 1708 1930 (come
1729 1885 1851 1932 quelli

365 1932 403 1968 (11
435 1932 498 1987 cui
532 1933 565 1970 si
598 1934 712 1978 parla
749 1934 838 1971 1267
865 1934 968 1978 sgg.)
1002 1945 1052 1970 ne
1086 1933 1129 1969 fu
1164 1933 1429 1970 riconosciuta
1461 1933 1502 1970 la
1531 1934 1736 1978 superiore
1772 1933 1851 1972 effi-

365 1980 486 2017 cacia.
623 2001 669 2006 —
695 1980 791 2016 1281
819 1993 875 2025 sg.
901 1981 998 2019 Hor.
1020 1981 1101 2018 Sat.
1118 1980 1139 2016 I
1157 1981 1276 2025 3,101
1305 1979 1510 2026 Unyuibus
1525 1985 1561 2019 et
1578 1984 1736 2028 puym's,
1757 1982 1849 2020 dein

362 2027 549 2073 fustibus,
577 2033 691 2074 atque
715 2031 775 2065 ita
799 2040 918 2074 porro
939 2027 1174 2074 puynabant
1199 2029 1336 2065 armis
1432 2047 1479 2054 —-
1504 2030 1614 2067 rami
1644 2028 1851 2075 nominat„

365 2075 537 2119 ipposiz
570 2088 594 2113 a
629 2077 716 2113 si.lv
750 2075 984 2122 fraymina;
1019 2087 1055 2120 o,
1090 2075 1297 2120 piuttosto,
1333 2075 1630 2114 inversamentc
1656 2077 1872 2115 silvarum⁴

365 2122 575 2168 fragmina
597 2121 618 2160 ὲ
644 2126 809 2168 apposto
831 2135 855 2160 a
880 2125 997 2167 rami,
1017 2105 1290 2160 ri'ehiamando
1316 2123 1396 2160 alla
1415 2122 1590 2162 fantasia
1606 2135 1716 2162 come
1742 2123 1851 2162 facil·
1864 2137 1872 2147 ‘⁴

365 2173 497 2207 mente
518 2172 743 2208 trovassero
762 2170 799 2208 di
819 2171 948 2215 questi
963 2170 1075 2215 rami,
1092 2182 1115 2208 o
1133 2169 1272 2207 divelti
1290 2169 1356 2207 dal
1372 2174 1505 2216 vento,
1518 2183 1544 2209 ο
1561 2183 1634 2216 per
1650 2170 1691 2210 la
1708 2170 1853 2212 distru:

364 2218 477 2255 zione
501 2217 602 2255 delle
621 2218 741 2264 selve,
761 2230 783 2256 o
804 2219 1120 2263 appositamente
1138 2217 1424 2262 strappandoli.
1507 2237 1554 2244 —
1571 2218 1682 2255 1285.
1701 2218 1852 2263 Questa

365 2276 434 2301 era
459 2264 725 2302 decisamente
751 2266 791 2302 la
814 2265 1000 2310 opinione
1026 2264 1085 2303 de’
1105 2265 1224 2303 Greci
1250 2277 1271 2302 e
1296 2265 1486 2310 Romani3
1511 2266 1654 2304 risulta
1678 2266 1746 2312 gia
1770 2265 1853 2304 dal-

364 2311 388 2348 l’
392 2312 528 2349 ordine
546 2325 619 2350 con
639 2313 702 2350 eui
720 2314 825 2350 nella
846 2312 1043 2358 leggenda
1061 2312 1093 2349 si
1120 2311 1338 2357 seguivano
1355 2312 1392 2350 le
1410 2311 1476 2350 eta
1493 2313 1558 2351 del
1577 2313 1720 2352 mondo
1741 2313 1782 2358 (l’
1786 2313 1865 2352 eta*

365 2359 428 2396 del
443 2360 549 2397 ferro
564 2359 665 2405 dopo
684 2361 817 2405 quella
837 2360 902 2398 del
920 2361 1059 2402 rame)3
1082 2358 1102 2397 ὸ
1123 2363 1313 2398 attestato
1333 2365 1658 2407 espressamente,
1674 2360 1850 2418 oltrecbe

364 2407 432 2467 qui
466 2406 516 2444 da
542 2407 744 2449 Lucrezio
775 2408 826 2445 da
854 2407 998 2445 Esiodo
1017 2404 1184 2461 Ἓργακ.
1193 2407 1258 2454 ημ.
1288 2408 1356 2445 150
1382 2413 1456 2447 τοϊς
1481 2408 1515 2443 δ’
1542 2406 1591 2455 ἦν·
1612 2405 1752 2464 χάλκεα
1779 2408 1872 2454 μὲνν

364 2451 516 2499 τεύχεα,
553 2451 704 2500 χάλκεοι
739 2455 778 2491 δὲ
814 2469 852 2491 τε
887 2455 989 2500 ὃικοι,
1022 2453 1145 2503 χαλκῷ
1178 2456 1209 2490 δ
1219 2452 1440 2502 εἰργάζοντο·
1464 2456 1579 2502 μέλας
1612 2457 1645 2490 δ’
1660 2453 1725 2492 οὔκ
1770 2457 1872 2492 ἔσκεῑ

363 2509 529 2557 σίδηρος-ς
556 2521 577 2546 e
604 2508 653 2545 da
674 2509 869 2555 Varrone,
894 2510 936 2547 in
962 2509 1134 2554 August.
1161 2509 1206 2546 de
1232 2512 1299 2546 civ.
1328 2510 1394 2547 dei
1409 2509 1489 2547 VII
1513 2510 1561 2546 24
1585 2509 1866 2568 cymbalorum⁴

363 2559 517 2593 sonitus
520 2539 870 2602 ferramentorum
888 2558 1139 2595 iactationem
1157 2568 1203 2594 ac
1219 2569 1408 2594 manuum
1426 2561 1461 2594 et
1481 2559 1566 2594 eius
1582 2558 1645 2594 rei
1659 2559 1850 2603 crepitum
1865 2584 1872 2607 5

364 2605 408 2639 7'77
428 2604 586 2641 colendo
607 2616 656 2650 αθ
658 2617 702 2642 ro
723 2607 794 2651 qm·
812 2606 856 2651 fit
877 2604 1130 2651 szynificant;
1155 2605 1242 2642 ideo
1264 2616 1366 2650 aere,
1386 2605 1489 2651 quod
1509 2616 1594 2642 eam
1613 2606 1704 2642 anti
1729 2607 1775 2642 ui
1791 2616 1850 2644 co

366 2650 496 2688 lebant
516 2663 606 2688 aere
628 2651 713 2695 (cfr.
737 2653 857 2698 1287),
884 2656 1093 2698 antequam
1117 2650 1274 2698 ferrum
1301 2656 1397 2690 esset
1422 2653 1632 2689 inventum.
1654 2651 1696 2690 O’
1754 2650 1869 2697 pero&

364 2698 514 2736 Seneca
539 2699 567 2735 il
594 2699 712 2754 quale
730 2699 830 2745 dice,
857 2700 1011 2746 Quaest.
1032 2699 1128 2736 Nat
1155 2699 1235 2744 147,
1255 2699 1327 2737 che
1347 2699 1374 2736 il
1397 2699 1503 2736 ferro
1529 2698 1552 2737 ὸ
1572 2698 1601 2736 11
1621 2699 1746 2744 primo
1771 2710 1850 2736 me-

364 2745 459 2783 tallo
485 2745 523 2783 di
542 2746 604 2783 cui
626 2746 656 2783 si
678 2758 786 2785 sons
770 2748 906 2785 serviti
932 2747 985 2797 gli
1008 2746 1167 2784 uomini.
1191 2747 1291 2792 oggi
1311 2747 1351 2784 la
1367 2747 1574 2810 questione
1591 2745 1612 2786 ὸ
1634 2751 1740 2786 stata
1758 2746 1805 2784 cd
1827 2745 1872 2784 ὁ
