1872 3002
0 1335 9 1352 ἰι
0 1298 7 1330 ιν·-
0 1283 5 1291 -
0 1179 11 1278 -ννντινᾌ-
0 1117 14 1175 yw-

610 141 808 190 LIBER
831 141 911 190 VI
946 143 1202 190 1251-1272
1573 140 1657 187 311

187 237 417 286 confertos
449 237 516 285 ita
549 237 802 294 acervatim
838 254 959 286 mors
991 237 1330 285 accumulabat.

185 301 336 350 multa
366 302 444 350 siti
476 307 713 362 protracta
746 303 871 350 viam
906 319 985 362 per
1019 319 1191 363 proquo
1224 301 1384 350 voluta

186 383 380 428 corpora
411 368 583 416 silanos
616 368 675 415 ad
709 383 937 427 aquarum
972 373 1121 416 strata
1154 368 1370 415 iacebant

187 433 438 482 interclusa
470 434 627 482 anima
660 434 807 481 nimia
839 435 897 482 ab
930 434 1172 482 dulcedine
1205 450 1445 494 aquarum,

63 510 157 550 1265
188 499 427 560 multaque
469 517 550 560 per
582 499 738 574 populi
773 501 942 560 passim
976 501 1076 547 loca
1109 505 1322 559 prompta
1354 499 1544 558 viasque

187 565 415 625 lang-uida
445 581 701 614 semanimo
736 581 840 612 cum
874 582 1061 626 corpore
1096 567 1302 612 membra
1335 565 1516 613 videres

187 630 380 680 horrida
414 632 609 692 paedore
642 636 686 678 et
721 632 887 690 pannis
922 637 1138 691 cooperta
1172 632 1336 691 perire,

188 697 393 757 corporis
426 697 616 755 inluvie,
651 696 760 757 pelli
795 714 932 757 super
965 698 1145 745 ossibus
1179 714 1285 753 una,

112 812 115 815 ,
188 763 425 812 ulceribus
457 765 623 811 taetris
658 779 796 823 prope
830 764 921 810 iam
957 763 1173 822 sordique
1206 762 1399 822 sepulta.

14 887 15 890 Ἴ
66 841 160 879 1270
190 830 350 878 omnia
382 830 580 891 denique
613 835 776 878 sancta
809 830 943 876 deum
979 829 1174 876 delubra
1207 829 1408 888 replerat

190 897 460 957 corporibus
492 912 617 944 mors
651 895 880 942 exanimis
914 902 1194 954 onerataque
1230 895 1397 953 passim

189 966 358 1011 cuncta
390 962 694 1011 cadaveribus
730 962 978 1010 caelestum
1013 961 1186 1022 templa
1220 960 1482 1013 manebant,

159 1181 278 1219 Lucr.
299 1180 478 1219 avrebbe
509 1181 648 1220 scritto
679 1183 723 1219 in
753 1186 865 1219 astu:
891 1194 954 1218 ma
980 1181 1156 1226 semplioi
1179 1180 1347 1219 ablativi
1367 1179 1406 1218 ‹li
1434 1180 1552 1225 luogo
1575 1191 1672 1217 sono

160 1229 360 1268 tutt'ultro
379 1229 453 1268 che
469 1229 716 1275 infrequenti
734 1230 775 1267 in
795 1229 1000 1268 Lucretio.
1022 1229 1235 1267 S'intcnde
1258 1229 1330 1267 che
1349 1228 1376 1266 il
1397 1228 1541 1266 Munro
1561 1226 1582 1264 ὸ
1604 1228 1671 1273 poi

158 1280 354 1316 costretto
387 1289 412 1315 a
441 1280 609 1315 mettere
639 1290 720 1315 una
751 1278 897 1315 lacuna
923 1277 1025 1322 dopo
1052 1282 1193 1323 questo
1220 1289 1347 1314 verso.
1369 1276 1404 1313 Il
1438 1275 1532 1320 Brg.
1562 1275 1671 1313 tiene

161 1329 301 1369 aestus,
319 1325 450 1364 anche
475 1324 621 1370 perche
647 1325 702 1372 gli
734 1338 831 1371 parc
857 1326 930 1363 che
954 1325 1143 1369 risponda
1169 1325 1367 1363 al'calore
1386 1324 1514 1362 estivo
1533 1335 1674 1361 accen-

160 1376 259 1412 nato
287 1374 328 1412 in
362 1372 568 1412 Tucidide.
594 1374 629 1412 Il
666 1374 783 1412 Bern.
823 1378 935 1411 aestu
964 1374 980 1392 ‘⁴
1003 1372 1175 1411 durante
1202 1373 1359 1411 l'estate
1381 1387 1419 1419 ,,;
1446 1385 1511 1409 ma
1537 1371 1671 1409 Plaut.

160 1425 271 1461 onost.
299 1423 369 1460 764
393 1420 414 1460 ὸ
443 1426 586 1468 troppo
612 1425 788 1460 corrotto
805 1422 984 1465 (ossei-va
1013 1422 1041 1459 il
1074 1422 1234 1466 Munro)
1264 1433 1336 1466 per
1362 1432 1533 1466 provare
1562 1423 1674 1457 aestu

160 1470 203 1508 iu
227 1474 370 1516 questo
395 1481 524 1508 senso.
546 1470 580 1508 Il
601 1470 929 1516 Kannengiesser
956 1469 1117 1515 (Philoz.
1144 1471 1203 1515 43,
1227 1482 1262 1514 p.
1284 1469 1370 1514 544)
1396 1480 1475 1506 non
1494 1467 1589 1506 vuol
1611 1480 1674 1505 sa-

161 1529 288 1566 perne
309 1517 349 1556 di
370 1522 472 1561 astu,
503 1517 576 1556 che
603 1518 690 1556 dice
711 1518 906 1556 rieercato
935 1531 955 1555 ε
981 1517 1205 1563 superflum
1232 1517 1339 1555 tiene
1367 1521 1500 1555 aestus
1518 1528 1538 1553 ε
1557 1515 1674 1561 legge

163 1570 200 1605 et
226 1578 300 1612 per
328 1568 389 1604 ita
419 1566 484 1604 nel
516 1578 552 1604 v,
581 1578 639 1611 eg.
667 1567 725 1604 La
753 1567 901 1604 unione
924 1570 1057 1603 aestus
1083 1570 1118 1603 et
1135 1578 1242 1603 mors
1268 1565 1358 1610 (che
1387 1577 1464 1602 non
1492 1563 1606 1609 piace
1634 1563 1675 1600 al

163 1614 348 1660 Brieger)
374 1613 570 1660 potrebbe
596 1614 761 1659 andare,
782 1614 847 1652 nel
874 1626 990 1651 senso
1021 1613 1036 1629 “
1058 1613 1255 1651 l'influsso
1282 1612 1559 1659 pestilenziale
1587 1623 1608 1649 e
1634 1611 1675 1648 la

162 1667 345 1707 morte„;
377 1674 439 1700 ma
469 1665 558 1700 osta
588 1663 627 1700 la
656 1663 901 1700 lontananza
929 1662 992 1699 dei
1017 1661 1093 1698 due
1116 1661 1289 1705 termini,
1309 1673 1329 1698 ε
1355 1660 1482 1698 anche
1505 1660 1545 1697 la
1573 1659 1677 1704 posi-

163 1711 279 1750 zione
294 1711 450 1748 forzata
461 1709 500 1747 di
515 1714 560 1748 et.
599 1710 1112 1757 —1262.p1·ovol2eta‚·Tuo.
1128 1708 1398 1745 ἐκαλινδοῦντο.
1438 1728 1481 1734 ·—
1501 1707 1608 1744 1263.
1624 1709 1679 1744 si-

166 1759 281 1798 lanas
291 1771 306 1804 ,²
321 1759 482 1797 silanus
495 1770 542 1791 Ξ·-
555 1754 716 1798 Σιλανός
736 1758 870 1796 dorico
885 1770 931 1791 Ξ
944 1756 1104 1804 Σιληνός
1127 1770 1196 1795 era
1215 1757 1590 1803 quell’ornamonto,
1607 1767 1678 1801 per

163 1807 203 1845 lo
220 1806 291 1853 piu
307 1818 390 1844 una
414 1806 544 1844 faccia
569 1806 608 1844 di
640 1806 786 1850 Sileno,
811 1819 836 1844 a
854 1806 918 1844 cui
946 1810 1123 1843 mettcva
1151 1817 1249 1850 capo
1268 1817 1289 1842 ε
1318 1817 1389 1850 per
1408 1804 1473 1843 cui
1490 1803 1628 1841 usciva
1651 1803 1677 1840 il

165 1855 263 1894 tubo
288 1853 409 1892 d’una
435 1854 622 1901 fontana;
650 1855 715 1900 poi
742 1853 922 1900 significo
941 1867 1022 1891 una
1037 1853 1239 1892 cosiffatta
1267 1854 1436 1891 fontana
1455 1852 1496 1889 in
1517 1863 1677 1897 genere.

167 1902 269 1942 Cels.
286 1904 309 1940 3
331 1903 388 1940 18.
414 1901 580 1950 Confert
606 1905 726 1940 etiam
753 1902 911 1949 aliquid
932 1902 985 1939 ad
1010 1914 1187 1939 sommum
1206 1902 1366 1939 silanus
1384 1903 1500 1938 iuxta
1522 1900 1679 1937 cadens.

165 1950 290 1990 Orell.
303 1949 434 1989 Inscr.
453 1950 543 1988 Lat.
559 1951 652 1988 3321
675 1951 716 1989 C.
732 1951 758 1988 I
760 1950 868 1988 ulia-s·
887 1950 1052 1987 Severus
1071 1950 1115 1987 ob
1134 1950 1318 1987 honorem
1338 1949 1566 1994 maqisterii
1581 1948 1678 1985 Coll.

167 1998 290 2038 Fabr.
303 1998 482 2037 silanum
489 2001 662 2046 pecunia
681 2011 756 2036 sua
770 1997 865 2044 fecit
882 1999 966 2041 (201
984 1999 1058 2034 Av.
1074 1997 1145 2040 0.).
1159 1997 1265 2042 Hyg.
1284 1997 1379 2034 Fab.
1399 1995 1538 2043 differt
1552 2008 1577 2033 a
1593 1998 1679 2033 rivo

167 2049 265 2095 quia
281 2047 443 2086 silanus
461 2051 518 2085 est
532 2047 707 2094 artificio
726 2046 859 2094 factus
878 2048 992 2083 cuius
1008 2046 1144 2093 fistula
1160 2058 1178 2082 e
1193 2046 1301 2087 liano
1316 2044 1475 2091 plumbo
1494 2056 1586 2082 aere
1600 2046 1676 2080 etc.

166 2097 280 2135 rivus
297 2094 456 2134 canalis
474 2099 658 2133 terrenus
680 2099 750 2132 aut
774 2095 957 2141 lapideus
972 2107 1047 2140 per
1061 2106 1172 2140 quem
1189 2106 1287 2139 pars
1309 2105 1435 2139 aquae
1454 2093 1500 2130 de
1515 2092 1680 2139 flumine

167 2147 239 2184 aut
252 2142 362 2191 fonte
375 2143 566 2181 decurrit.
585 2143 692 2180 Fest.
714 2143 852 2180 tullios
871 2142 950 2179 alii
971 2143 1109 2179 dixere
1127 2141 1282 2179 silanos
1300 2142 1380 2178 aliz·
1398 2143 1516 2178 rivos.
1537 2140 1680 2177 Munro

143 2204 147 2208 ·
167 2191 248 2231 cita
265 2191 382 2237 Corp.
402 2191 525 2229 Inscr.
543 2191 632 2229 Lat.
647 2190 759 2236 VIII,
772 2203 810 2227 n.
825 2191 931 2232 6982,
946 2189 1047 2227 dove
1064 2191 1102 2226 in
1118 2202 1200 2226 una
1214 2189 1307 2226 lista
1328 2188 1365 2225 di
1383 2188 1536 2234 oggetti
1553 2187 1680 2225 d’arte
1692 2187 1700 2189 “

167 2251 265 2280 sono
283 2239 478 2278 nominati
500 2241 516 2258 “
537 2239 655 2276 silani
683 2238 791 2276 aerei
819 2251 844 2275 n
884 2238 941 2274 VI
962 2252 1000 2284 „3
1021 2250 1041 2274 e
1060 2250 1156 2283 poco
1176 2238 1303 2282 prima
1324 2235 1337 2251 “
1355 2239 1515 2274 statuae
1535 2247 1681 2274 aereae

166 2301 207 2327 n.
223 2288 284 2326 Vl
301 2292 343 2326 et
362 2286 529 2333 Cupido.
550 2298 799 2325 marmoreae
824 2286 926 2323 n.V[
949 2316 963 2328 ,,
980 2313 988 2320 .
1015 2285 1118 2323 Vedi
1138 2285 1378 2329 Hertzberg.
1399 2284 1465 2321 nel
1486 2296 1557 2321 suo
1579 2283 1679 2321 Pro-

168 2336 316 2384 perzio,
339 2335 418 2374 vol.
444 2335 520 2377 111.
545 2348 582 2380 p.
609 2336 691 2372 214.
746 2354 783 2359 —
811 2333 925 2370 1264.
944 2334 1039 2370 Tuo.
1061 2346 1138 2371 non
1158 2333 1244 2371 dice
1260 2333 1332 2371 che
1351 2332 1509 2378 l‘aequa
1529 2331 1559 2369 li
1578 2331 1684 2369 ucci-

169 2384 298 2423 desse.
396 2403 440 2408 -—
469 2383 576 2421 1268.
602 2383 820 2420 Eliminato
847 2394 957 2420 come
980 2381 1166 2419 variante
1194 2380 1256 2418 del
1285 2392 1402 2418 verso
1428 2379 1684 2427 precedente,

169 2444 291 2471 senza
308 2431 531 2470 sufficiente
552 2431 731 2476 ragione,
753 2430 804 2468 da
824 2430 931 2467 Laeli
964 2430 1080 2467 Bern.
1098 2430 1191 2473 ΒΓΚ.
1210 2429 1243 2466 ΙΙ
1263 2429 1406 2466 Munro
1426 2428 1506 2466 cita
1526 2428 1566 2466 la
1585 2427 1682 2465 cita-

170 2481 284 2519 zione
306 2478 481 2517 d'antico
511 2483 632 2524 poeta
658 2479 698 2516 in
725 2478 804 2516 oie.
832 2483 925 2515 tusc.
945 2479 1046 2524 disp.
1072 2478 1134 2515 ΙΙ[
1155 2478 1216 2515 26:
1246 2476 1372 2514 barba
1396 2476 1567 2523 paedore
1589 2476 1679 2514 Ιιον-

169 2530 266 2568 rida
294 2527 464 2566 Intonsa
491 2526 671 2574 infuscat
694 2531 828 2574 pectus
853 2526 1004 2564 inluvie
1042 2525 1235 2563 scabrum.
1334 2544 1382 2550 —
1400 2524 1501 2571 pelli
1519 2537 1603 2571 sup.
1626 2535 1679 2562 os.

170 2589 255 2616 una
275 2588 372 2623 pare
392 2575 640 2622 espressione
667 2574 920 2620 proverbiale
947 2586 1057 2611 come
1083 2573 1111 2610 il
1138 2576 1274 2611 nostro
1299 2574 1318 2591 “
1333 2572 1437 2619 pelle
1459 2571 1509 2610 ed
1529 2583 1620 2610 ossa
1644 2602 1657 2616 „
1679 2601 1686 2608 .

170 2625 315 2663 Munro
341 2623 441 2662 cita:
469 2623 600 2661 Plaut.
627 2626 726 2669 capt.
755 2623 823 2660 135
850 2634 938 2660 ossa
958 2627 1072 2669 alque
1092 2622 1212 2668 pellis
1237 2633 1347 2667 sunm
1369 2620 1495 2658 aulul.
1516 2620 1578 2657 III
1596 2621 1618 2657 6
1637 2622 1684 2657 28

174 2673 255 2721 Qui
277 2684 368 2711 ossa
399 2676 516 2719 atque
543 2671 662 2718 pellis
688 2674 830 2714 totust,·
853 2669 949 2707 Hor.
987 2670 1092 2716 epod.
1122 2671 1163 2706 17
1200 2670 1246 2706 22
1282 2681 1372 2707 ossa
1408 2668 1508 2715 pelle
1538 2670 1684 2706 amicta

173 2721 323 2760 lurida.
421 2740 466 2744 —
483 2719 586 2755 1272.
605 2718 829 2763 manebant,
849 2729 922 2756 con
941 2717 992 2755 M.
1012 2730 1033 2755 e
1053 2718 1158 2763 Brg„
1176 2729 1247 2763 per
1266 2729 1356 2754 mss.
1373 2715 1558 2754 manebat
1574 2716 1687 2760 (obl.)

171 2781 194 2811 θ
218 2767 393 2810 manebit
419 2766 617 2818 (quadr.);
643 2779 803 2805 manere
825 2766 878 2812 (v.
902 2765 942 2803 II
963 2765 1048 2817 843)
1074 2764 1267 2810 s‘accosta
1288 2764 1419 2807 talora
1445 2763 1484 2802 al
1510 2775 1626 2803 senso
1645 2763 1685 2807 di
