<?xml version="1.0" encoding="UTF-8"?>
<!DOCTYPE html PUBLIC "-//W3C//DTD XHTML 1.0 Transitional//EN"
    "http://www.w3.org/TR/xhtml1/DTD/xhtml1-transitional.dtd">
<html xmlns="http://www.w3.org/1999/xhtml" xml:lang="en" lang="en">
 <head>
  <title>
</title>
<meta http-equiv="Content-Type" content="text/html;charset=utf-8" />
  <meta name='ocr-system' content='tesseract 3.04.00' />
  <meta name='ocr-capabilities' content='ocr_page ocr_carea ocr_par ocr_line ocrx_word'/>
</head>
<body>
  <div class='ocr_page' id='page_1' title='image "./dererumnaturalib03lucruoft_0256.png"; bbox 0 0 1872 3002; ppageno 0'>
   <div class='ocr_carea' id='block_1_1' title="bbox 1750 0 1872 314">
    <p class='ocr_par' dir='ltr' id='par_1_1' title="bbox 1750 0 1872 314">
     <span class='ocr_line' id='line_1_1' title="bbox 1750 0 1872 314; baseline 0 0"><span class='ocrx_word' id='word_1_1' title='bbox 1750 0 1872 314; x_wconf 95' lang='lat' dir='ltr'>  </span> 
     </span>
    </p>
   </div>
   <div class='ocr_carea' id='block_1_2' title="bbox 331 119 1398 170">
    <p class='ocr_par' dir='ltr' id='par_1_2' title="bbox 331 119 1398 170">
     <span class='ocr_line' id='line_1_2' title="bbox 331 119 1398 170; baseline -0.003 0"><span class='ocrx_word' id='word_1_2' title='bbox 331 123 418 170; x_wconf 84' lang='grc'>248</span> <span class='ocrx_word' id='word_1_3' title='bbox 742 122 829 169; x_wconf 89' lang='lat' dir='ltr'>DE</span> <span class='ocrx_word' id='word_1_4' title='bbox 859 120 1091 169; x_wconf 85' lang='lat' dir='ltr'>RERUM</span> <span class='ocrx_word' id='word_1_5' title='bbox 1120 119 1398 168; x_wconf 85' lang='lat' dir='ltr'><strong>NATURA</strong></span> 
     </span>
    </p>
   </div>
   <div class='ocr_carea' id='block_1_3' title="bbox 261 221 1872 1064">
    <p class='ocr_par' dir='ltr' id='par_1_3' title="bbox 261 221 1872 1064">
     <span class='ocr_line' id='line_1_3' title="bbox 419 221 1861 283; baseline -0.001 -12"><span class='ocrx_word' id='word_1_6' title='bbox 419 224 558 271; x_wconf 85' lang='lat' dir='ltr'>Nunc</span> <span class='ocrx_word' id='word_1_7' title='bbox 584 223 750 283; x_wconf 87' lang='lat' dir='ltr'>quibus</span> <span class='ocrx_word' id='word_1_8' title='bbox 775 221 853 268; x_wconf 93' lang='lat' dir='ltr'>ille</span> <span class='ocrx_word' id='word_1_9' title='bbox 880 221 1026 268; x_wconf 88' lang='lat' dir='ltr'>modis</span> <span class='ocrx_word' id='word_1_10' title='bbox 1054 237 1240 269; x_wconf 83' lang='lat' dir='ltr'>somnus</span> <span class='ocrx_word' id='word_1_11' title='bbox 1266 237 1346 280; x_wconf 89' lang='lat' dir='ltr'>per</span> <span class='ocrx_word' id='word_1_12' title='bbox 1371 223 1576 270; x_wconf 86' lang='lat' dir='ltr'>membra</span> <span class='ocrx_word' id='word_1_13' title='bbox 1602 221 1801 283; x_wconf 80' lang='lat' dir='ltr'>quietem</span> <span class='ocrx_word' id='word_1_14' title='bbox 1844 227 1861 242; x_wconf 70' lang='lat'><strong>²</strong></span> 
     </span>
     <span class='ocr_line' id='line_1_4' title="bbox 261 287 1503 347; baseline -0.002 -9"><span class='ocrx_word' id='word_1_15' title='bbox 261 299 331 338; x_wconf 81' lang='lat'>905</span> <span class='ocrx_word' id='word_1_16' title='bbox 361 290 532 347; x_wconf 79' lang='lat' dir='ltr'>inriget</span> <span class='ocrx_word' id='word_1_17' title='bbox 564 294 700 347; x_wconf 87' lang='lat' dir='ltr'>atque</span> <span class='ocrx_word' id='word_1_18' title='bbox 733 287 876 333; x_wconf 80' lang='lat' dir='ltr'>animi</span> <span class='ocrx_word' id='word_1_19' title='bbox 910 302 1043 333; x_wconf 89' lang='lat' dir='ltr'>curas</span> <span class='ocrx_word' id='word_1_20' title='bbox 1075 302 1098 332; x_wconf 89' lang='lat' dir='ltr'>e</span> <span class='ocrx_word' id='word_1_21' title='bbox 1131 295 1310 345; x_wconf 76' lang='lat' dir='ltr'>pectore</span> <span class='ocrx_word' id='word_1_22' title='bbox 1343 287 1503 346; x_wconf 87' lang='lat' dir='ltr'>solvat,</span> 
     </span>
     <span class='ocr_line' id='line_1_5' title="bbox 362 348 1872 419; baseline -0.001 -16"><span class='ocrx_word' id='word_1_23' title='bbox 362 354 610 403; x_wconf 87' lang='lat' dir='ltr'>suavidicis</span> <span class='ocrx_word' id='word_1_24' title='bbox 642 353 792 412; x_wconf 91' lang='lat' dir='ltr'>potius</span> <span class='ocrx_word' id='word_1_25' title='bbox 824 368 962 412; x_wconf 89' lang='lat' dir='ltr'>quam</span> <span class='ocrx_word' id='word_1_26' title='bbox 994 352 1152 400; x_wconf 89' lang='lat' dir='ltr'>multis</span> <span class='ocrx_word' id='word_1_27' title='bbox 1183 354 1392 401; x_wconf 86' lang='lat' dir='ltr'>versibus</span> <span class='ocrx_word' id='word_1_28' title='bbox 1423 354 1585 412; x_wconf 83' lang='lat' dir='ltr'>edam3</span> <span class='ocrx_word' id='word_1_29' title='bbox 1860 348 1872 419; x_wconf 64' lang='grc' dir='ltr'><em>ξ</em></span> 
     </span>
     <span class='ocr_line' id='line_1_6' title="bbox 363 417 1872 480; baseline -0.001 -13"><span class='ocrx_word' id='word_1_30' title='bbox 363 436 534 480; x_wconf 87' lang='lat' dir='ltr'>parvus</span> <span class='ocrx_word' id='word_1_31' title='bbox 566 424 616 465; x_wconf 91' lang='lat' dir='ltr'>ut</span> <span class='ocrx_word' id='word_1_32' title='bbox 648 423 715 465; x_wconf 90' lang='lat' dir='ltr'>est</span> <span class='ocrx_word' id='word_1_33' title='bbox 748 417 879 476; x_wconf 81' lang='lat' dir='ltr'>cycni</span> <span class='ocrx_word' id='word_1_34' title='bbox 912 417 1071 464; x_wconf 87' lang='lat' dir='ltr'>melior</span> <span class='ocrx_word' id='word_1_35' title='bbox 1103 433 1255 476; x_wconf 82' lang='lat' dir='ltr'>canor,</span> <span class='ocrx_word' id='word_1_36' title='bbox 1287 418 1364 465; x_wconf 90' lang='lat' dir='ltr'>ille</span> <span class='ocrx_word' id='word_1_37' title='bbox 1395 435 1564 477; x_wconf 84' lang='lat' dir='ltr'>gruum</span> <span class='ocrx_word' id='word_1_38' title='bbox 1595 433 1735 479; x_wconf 88' lang='lat' dir='ltr'>quam</span> <span class='ocrx_word' id='word_1_39' title='bbox 1864 422 1872 478; x_wconf 68' lang='grc' dir='ltr'>ξ</span> 
     </span>
     <span class='ocr_line' id='line_1_7' title="bbox 366 482 1872 541; baseline 0 -9"><span class='ocrx_word' id='word_1_40' title='bbox 366 485 538 532; x_wconf 88' lang='lat' dir='ltr'>clamor</span> <span class='ocrx_word' id='word_1_41' title='bbox 568 484 616 530; x_wconf 89' lang='lat' dir='ltr'>in</span> <span class='ocrx_word' id='word_1_42' title='bbox 649 482 863 529; x_wconf 77' lang='lat' dir='ltr'>aetheriis</span> <span class='ocrx_word' id='word_1_43' title='bbox 896 482 1126 541; x_wconf 88' lang='lat' dir='ltr'>dispersus</span> <span class='ocrx_word' id='word_1_44' title='bbox 1158 482 1356 531; x_wconf 89' lang='lat' dir='ltr'>nubibus</span> <span class='ocrx_word' id='word_1_45' title='bbox 1388 484 1548 531; x_wconf 89' lang='lat' dir='ltr'>austri.</span> <span class='ocrx_word' id='word_1_46' title='bbox 1865 486 1872 532; x_wconf 77' lang='grc' dir='ltr'><strong>ἑ</strong></span> 
     </span>
     <span class='ocr_line' id='line_1_8' title="bbox 365 535 1872 607; baseline 0 -11"><span class='ocrx_word' id='word_1_47' title='bbox 365 556 416 596; x_wconf 92' lang='lat' dir='ltr'>tu</span> <span class='ocrx_word' id='word_1_48' title='bbox 448 549 563 595; x_wconf 90' lang='lat' dir='ltr'>mihi</span> <span class='ocrx_word' id='word_1_49' title='bbox 594 548 653 594; x_wconf 87' lang='lat' dir='ltr'>da</span> <span class='ocrx_word' id='word_1_50' title='bbox 679 547 830 595; x_wconf 87' lang='lat' dir='ltr'>tenuis</span> <span class='ocrx_word' id='word_1_51' title='bbox 862 563 994 594; x_wconf 86' lang='lat' dir='ltr'>aures</span> <span class='ocrx_word' id='word_1_52' title='bbox 1026 547 1323 607; x_wconf 87' lang='lat' dir='ltr'>animumque</span> <span class='ocrx_word' id='word_1_53' title='bbox 1354 564 1582 607; x_wconf 80' lang='lat' dir='ltr'>sagacem,</span> <span class='ocrx_word' id='word_1_54' title='bbox 1859 535 1872 595; x_wconf 74' lang='grc'><strong>1</strong></span> 
     </span>
     <span class='ocr_line' id='line_1_9' title="bbox 265 611 1512 673; baseline -0.001 -12"><span class='ocrx_word' id='word_1_55' title='bbox 265 632 335 669; x_wconf 87' lang='lat'>910</span> <span class='ocrx_word' id='word_1_56' title='bbox 366 631 422 661; x_wconf 88' lang='lat' dir='ltr'>ne</span> <span class='ocrx_word' id='word_1_57' title='bbox 453 613 550 660; x_wconf 89' lang='lat' dir='ltr'>fieri</span> <span class='ocrx_word' id='word_1_58' title='bbox 582 612 760 671; x_wconf 78' lang='lat' dir='ltr'>negites</span> <span class='ocrx_word' id='word_1_59' title='bbox 792 628 908 671; x_wconf 88' lang='lat' dir='ltr'>quae</span> <span class='ocrx_word' id='word_1_60' title='bbox 941 611 1091 658; x_wconf 85' lang='lat' dir='ltr'>dicam</span> <span class='ocrx_word' id='word_1_61' title='bbox 1125 628 1270 671; x_wconf 79' lang='lat' dir='ltr'>posse,</span> <span class='ocrx_word' id='word_1_62' title='bbox 1301 618 1512 673; x_wconf 90' lang='lat' dir='ltr'>retroque</span> 
     </span>
     <span class='ocr_line' id='line_1_10' title="bbox 366 677 1379 737; baseline -0.001 -10"><span class='ocrx_word' id='word_1_63' title='bbox 366 695 476 727; x_wconf 84' lang='lat' dir='ltr'>vera</span> <span class='ocrx_word' id='word_1_64' title='bbox 507 678 763 737; x_wconf 85' lang='lat' dir='ltr'>repulsanti</span> <span class='ocrx_word' id='word_1_65' title='bbox 794 677 1000 725; x_wconf 83' lang='lat' dir='ltr'>discedas</span> <span class='ocrx_word' id='word_1_66' title='bbox 1032 682 1211 736; x_wconf 91' lang='lat' dir='ltr'>pectore</span> <span class='ocrx_word' id='word_1_67' title='bbox 1243 678 1379 736; x_wconf 87' lang='lat' dir='ltr'>dicta,</span> 
     </span>
     <span class='ocr_line' id='line_1_11' title="bbox 367 742 1617 803; baseline -0.001 -12"><span class='ocrx_word' id='word_1_68' title='bbox 367 748 559 791; x_wconf 92' lang='lat' dir='ltr'>tutemet</span> <span class='ocrx_word' id='word_1_69' title='bbox 591 744 638 789; x_wconf 92' lang='lat' dir='ltr'>in</span> <span class='ocrx_word' id='word_1_70' title='bbox 671 742 805 801; x_wconf 88' lang='lat' dir='ltr'>culpa</span> <span class='ocrx_word' id='word_1_71' title='bbox 838 758 940 788; x_wconf 90' lang='lat' dir='ltr'>cum</span> <span class='ocrx_word' id='word_1_72' title='bbox 974 742 1035 789; x_wconf 89' lang='lat' dir='ltr'>sis</span> <span class='ocrx_word' id='word_1_73' title='bbox 1067 758 1212 801; x_wconf 88' lang='lat' dir='ltr'>neque</span> <span class='ocrx_word' id='word_1_74' title='bbox 1245 759 1428 790; x_wconf 91' lang='lat' dir='ltr'>cernere</span> <span class='ocrx_word' id='word_1_75' title='bbox 1460 743 1617 803; x_wconf 87' lang='lat' dir='ltr'>possis.</span> 
     </span>
     <span class='ocr_line' id='line_1_12' title="bbox 369 807 1674 868; baseline 0 -13"><span class='ocrx_word' id='word_1_76' title='bbox 369 809 596 868; x_wconf 85' lang='lat' dir='ltr'>principio</span> <span class='ocrx_word' id='word_1_77' title='bbox 628 824 814 855; x_wconf 85' lang='lat' dir='ltr'>somnus</span> <span class='ocrx_word' id='word_1_78' title='bbox 846 807 896 854; x_wconf 89' lang='lat' dir='ltr'>fit</span> <span class='ocrx_word' id='word_1_79' title='bbox 928 807 1007 854; x_wconf 89' lang='lat' dir='ltr'>ubi</span> <span class='ocrx_word' id='word_1_80' title='bbox 1039 813 1105 854; x_wconf 90' lang='lat' dir='ltr'>est</span> <span class='ocrx_word' id='word_1_81' title='bbox 1138 808 1360 856; x_wconf 87' lang='lat' dir='ltr'>distracta</span> <span class='ocrx_word' id='word_1_82' title='bbox 1391 824 1471 868; x_wconf 90' lang='lat' dir='ltr'>per</span> <span class='ocrx_word' id='word_1_83' title='bbox 1502 813 1631 856; x_wconf 87' lang='lat' dir='ltr'>artus</span> <span class='ocrx_word' id='word_1_84' title='bbox 1671 824 1674 828; x_wconf 82' lang='grc'><strong><em>’</em></strong></span> 
     </span>
     <span class='ocr_line' id='line_1_13' title="bbox 369 872 1517 934; baseline 0 -13"><span class='ocrx_word' id='word_1_85' title='bbox 369 874 440 922; x_wconf 90' lang='lat' dir='ltr'>vis</span> <span class='ocrx_word' id='word_1_86' title='bbox 473 874 654 921; x_wconf 84' lang='lat' dir='ltr'>animae</span> <span class='ocrx_word' id='word_1_87' title='bbox 687 873 947 932; x_wconf 87' lang='lat' dir='ltr'>partimque</span> <span class='ocrx_word' id='word_1_88' title='bbox 978 872 1102 919; x_wconf 87' lang='lat' dir='ltr'>foras</span> <span class='ocrx_word' id='word_1_89' title='bbox 1134 873 1278 920; x_wconf 88' lang='lat' dir='ltr'>eiecta</span> <span class='ocrx_word' id='word_1_90' title='bbox 1309 873 1517 934; x_wconf 77' lang='lat' dir='ltr'>recessit</span> 
     </span>
     <span class='ocr_line' id='line_1_14' title="bbox 270 938 1585 999; baseline -0.001 -13"><span class='ocrx_word' id='word_1_91' title='bbox 270 957 339 995; x_wconf 85' lang='lat'>915</span> <span class='ocrx_word' id='word_1_92' title='bbox 371 944 414 986; x_wconf 92' lang='lat' dir='ltr'>et</span> <span class='ocrx_word' id='word_1_93' title='bbox 446 939 613 999; x_wconf 88' lang='lat' dir='ltr'>partim</span> <span class='ocrx_word' id='word_1_94' title='bbox 649 944 864 985; x_wconf 85' lang='lat' dir='ltr'>contrusa</span> <span class='ocrx_word' id='word_1_95' title='bbox 895 938 1046 996; x_wconf 85' lang='lat' dir='ltr'>magis</span> <span class='ocrx_word' id='word_1_96' title='bbox 1078 938 1301 986; x_wconf 86' lang='lat' dir='ltr'>concessit</span> <span class='ocrx_word' id='word_1_97' title='bbox 1333 940 1379 985; x_wconf 92' lang='lat' dir='ltr'>in</span> <span class='ocrx_word' id='word_1_98' title='bbox 1414 939 1585 986; x_wconf 85' lang='lat' dir='ltr'>altum:</span> 
     </span>
     <span class='ocr_line' id='line_1_15' title="bbox 372 1002 1709 1064; baseline 0 -12"><span class='ocrx_word' id='word_1_99' title='bbox 372 1005 689 1052; x_wconf 84' lang='lat' dir='ltr'>dissoluuntur</span> <span class='ocrx_word' id='word_1_100' title='bbox 721 1003 842 1050; x_wconf 86' lang='lat' dir='ltr'>enim</span> <span class='ocrx_word' id='word_1_101' title='bbox 874 1006 975 1049; x_wconf 87' lang='lat' dir='ltr'>tum</span> <span class='ocrx_word' id='word_1_102' title='bbox 1007 1002 1191 1049; x_wconf 90' lang='lat' dir='ltr'>demum</span> <span class='ocrx_word' id='word_1_103' title='bbox 1222 1005 1428 1052; x_wconf 87' lang='lat' dir='ltr'>membra</span> <span class='ocrx_word' id='word_1_104' title='bbox 1458 1004 1709 1064; x_wconf 88' lang='lat' dir='ltr'>fluuntque.</span> 
     </span>
    </p>
   </div>
   <div class='ocr_carea' id='block_1_4' title="bbox 343 1120 625 1126">
    <p class='ocr_par' dir='ltr' id='par_1_4' title="bbox 343 1120 625 1126">
     <span class='ocr_line' id='line_1_16' title="bbox 343 1120 625 1126; baseline 0 0"><span class='ocrx_word' id='word_1_105' title='bbox 343 1120 625 1126; x_wconf 95' lang='lat' dir='ltr'> </span> 
     </span>
    </p>
   </div>
   <div class='ocr_carea' id='block_1_5' title="bbox 343 1187 1868 2754">
    <p class='ocr_par' dir='ltr' id='par_1_5' title="bbox 343 1187 1868 2130">
     <span class='ocr_line' id='line_1_17' title="bbox 439 1187 1832 1229; baseline 0.001 -4"><span class='ocrx_word' id='word_1_106' title='bbox 439 1188 624 1228; x_wconf 80' lang='lat'>904-925.</span> <span class='ocrx_word' id='word_1_107' title='bbox 650 1188 752 1226; x_wconf 81' lang='lat' dir='ltr'>Cosa</span> <span class='ocrx_word' id='word_1_108' title='bbox 773 1187 794 1225; x_wconf 81' lang='lat' dir='ltr'>e</span> <span class='ocrx_word' id='word_1_109' title='bbox 815 1188 843 1224; x_wconf 90' lang='lat' dir='ltr'>il</span> <span class='ocrx_word' id='word_1_110' title='bbox 865 1193 1013 1225; x_wconf 76' lang='lat' dir='ltr'>sonno?</span> <span class='ocrx_word' id='word_1_111' title='bbox 1039 1187 1186 1226; x_wconf 76' lang='lat' dir='ltr'>Poiche</span> <span class='ocrx_word' id='word_1_112' title='bbox 1208 1188 1234 1225; x_wconf 89' lang='lat' dir='ltr'>il</span> <span class='ocrx_word' id='word_1_113' title='bbox 1257 1199 1383 1229; x_wconf 88' lang='lat' dir='ltr'>senso,</span> <span class='ocrx_word' id='word_1_114' title='bbox 1409 1187 1481 1226; x_wconf 89' lang='lat' dir='ltr'>che</span> <span class='ocrx_word' id='word_1_115' title='bbox 1500 1187 1562 1226; x_wconf 88' lang='lat' dir='ltr'>col</span> <span class='ocrx_word' id='word_1_116' title='bbox 1581 1199 1704 1226; x_wconf 89' lang='lat' dir='ltr'>sonno</span> <span class='ocrx_word' id='word_1_117' title='bbox 1724 1192 1832 1226; x_wconf 85' lang='lat' dir='ltr'>resta</span> 
     </span>
     <span class='ocr_line' id='line_1_18' title="bbox 344 1234 1832 1282; baseline -0.001 -6"><span class='ocrx_word' id='word_1_118' title='bbox 344 1250 516 1282; x_wconf 77' lang='lat' dir='ltr'>sospeso‚</span> <span class='ocrx_word' id='word_1_119' title='bbox 542 1236 563 1274; x_wconf 76' lang='grc' dir='ltr'>ὲ</span> <span class='ocrx_word' id='word_1_120' title='bbox 590 1248 712 1282; x_wconf 86' lang='lat' dir='ltr'>opera</span> <span class='ocrx_word' id='word_1_121' title='bbox 738 1236 827 1273; x_wconf 84' lang='lat' dir='ltr'>dell’</span> <span class='ocrx_word' id='word_1_122' title='bbox 847 1237 992 1280; x_wconf 83' lang='lat' dir='ltr'>anima,</span> <span class='ocrx_word' id='word_1_123' title='bbox 1017 1235 1044 1272; x_wconf 92' lang='lat' dir='ltr'>il</span> <span class='ocrx_word' id='word_1_124' title='bbox 1072 1247 1194 1273; x_wconf 90' lang='lat' dir='ltr'>sonno</span> <span class='ocrx_word' id='word_1_125' title='bbox 1217 1234 1238 1272; x_wconf 79' lang='lat' dir='ltr'>e</span> <span class='ocrx_word' id='word_1_126' title='bbox 1259 1248 1340 1272; x_wconf 88' lang='lat' dir='ltr'>una</span> <span class='ocrx_word' id='word_1_127' title='bbox 1366 1236 1578 1274; x_wconf 77' lang='lat' dir='ltr'>diminutio</span> <span class='ocrx_word' id='word_1_128' title='bbox 1603 1238 1787 1274; x_wconf 75' lang='lat' dir='ltr'>animae.-</span> <span class='ocrx_word' id='word_1_129' title='bbox 1809 1235 1832 1274; x_wconf 78' lang='grc' dir='ltr'>ὸ</span> 
     </span>
     <span class='ocr_line' id='line_1_19' title="bbox 345 1282 1830 1332; baseline -0.001 -9"><span class='ocrx_word' id='word_1_130' title='bbox 345 1285 479 1331; x_wconf 89' lang='lat' dir='ltr'>quella</span> <span class='ocrx_word' id='word_1_131' title='bbox 502 1284 731 1322; x_wconf 89' lang='lat' dir='ltr'>condizione</span> <span class='ocrx_word' id='word_1_132' title='bbox 750 1284 791 1320; x_wconf 81' lang='lat' dir='ltr'>in</span> <span class='ocrx_word' id='word_1_133' title='bbox 813 1283 875 1320; x_wconf 90' lang='lat' dir='ltr'>cui</span> <span class='ocrx_word' id='word_1_134' title='bbox 898 1283 1058 1320; x_wconf 85' lang='lat' dir='ltr'>l’anima</span> <span class='ocrx_word' id='word_1_135' title='bbox 1080 1284 1119 1320; x_wconf 89' lang='lat' dir='ltr'>in</span> <span class='ocrx_word' id='word_1_136' title='bbox 1141 1285 1256 1329; x_wconf 87' lang='lat' dir='ltr'>parte</span> <span class='ocrx_word' id='word_1_137' title='bbox 1282 1283 1314 1332; x_wconf 84' lang='lat' dir='ltr'>si</span> <span class='ocrx_word' id='word_1_138' title='bbox 1335 1282 1483 1328; x_wconf 87' lang='lat' dir='ltr'>dissipa</span> <span class='ocrx_word' id='word_1_139' title='bbox 1504 1283 1594 1321; x_wconf 86' lang='lat' dir='ltr'>fuor</span> <span class='ocrx_word' id='word_1_140' title='bbox 1615 1283 1679 1322; x_wconf 89' lang='lat' dir='ltr'>del</span> <span class='ocrx_word' id='word_1_141' title='bbox 1699 1295 1830 1329; x_wconf 82' lang='lat' dir='ltr'>corpo,</span> 
     </span>
     <span class='ocr_line' id='line_1_20' title="bbox 343 1329 1833 1378; baseline -0.002 -7"><span class='ocrx_word' id='word_1_142' title='bbox 343 1335 383 1371; x_wconf 88' lang='lat' dir='ltr'>in</span> <span class='ocrx_word' id='word_1_143' title='bbox 411 1335 524 1378; x_wconf 84' lang='lat' dir='ltr'>parte</span> <span class='ocrx_word' id='word_1_144' title='bbox 551 1333 583 1369; x_wconf 88' lang='lat' dir='ltr'>si</span> <span class='ocrx_word' id='word_1_145' title='bbox 610 1336 824 1369; x_wconf 87' lang='lat' dir='ltr'>concentra</span> <span class='ocrx_word' id='word_1_146' title='bbox 846 1331 914 1376; x_wconf 71' lang='lat' dir='ltr'>pin</span> <span class='ocrx_word' id='word_1_147' title='bbox 936 1330 1128 1368; x_wconf 86' lang='lat' dir='ltr'>addentro</span> <span class='ocrx_word' id='word_1_148' title='bbox 1158 1331 1219 1367; x_wconf 88' lang='lat' dir='ltr'>nel</span> <span class='ocrx_word' id='word_1_149' title='bbox 1241 1342 1372 1375; x_wconf 80' lang='lat' dir='ltr'>corpo,</span> <span class='ocrx_word' id='word_1_150' title='bbox 1396 1330 1437 1368; x_wconf 91' lang='lat' dir='ltr'>in</span> <span class='ocrx_word' id='word_1_151' title='bbox 1458 1335 1573 1376; x_wconf 76' lang='lat' dir='ltr'>parte</span> <span class='ocrx_word' id='word_1_152' title='bbox 1595 1329 1616 1369; x_wconf 81' lang='grc' dir='ltr'>ὸ</span> <span class='ocrx_word' id='word_1_153' title='bbox 1638 1332 1833 1370; x_wconf 72' lang='lat' dir='ltr'>distracta</span> 
     </span>
     <span class='ocr_line' id='line_1_21' title="bbox 345 1377 1831 1426; baseline -0.001 -8"><span class='ocrx_word' id='word_1_154' title='bbox 345 1393 424 1426; x_wconf 86' lang='lat' dir='ltr'>qua</span> <span class='ocrx_word' id='word_1_155' title='bbox 450 1393 471 1418; x_wconf 87' lang='grc'><strong>0</strong></span> <span class='ocrx_word' id='word_1_156' title='bbox 497 1379 536 1417; x_wconf 72' lang='lat' dir='ltr'>la</span> <span class='ocrx_word' id='word_1_157' title='bbox 562 1380 626 1424; x_wconf 87' lang='lat' dir='ltr'>pel</span> <span class='ocrx_word' id='word_1_158' title='bbox 660 1391 791 1424; x_wconf 85' lang='lat' dir='ltr'>corpo,</span> <span class='ocrx_word' id='word_1_159' title='bbox 828 1390 899 1423; x_wconf 87' lang='lat' dir='ltr'>per</span> <span class='ocrx_word' id='word_1_160' title='bbox 932 1378 1046 1416; x_wconf 92' lang='lat' dir='ltr'>modo</span> <span class='ocrx_word' id='word_1_161' title='bbox 1086 1378 1158 1415; x_wconf 88' lang='lat' dir='ltr'>che</span> <span class='ocrx_word' id='word_1_162' title='bbox 1184 1380 1247 1415; x_wconf 86' lang='lat' dir='ltr'>tra</span> <span class='ocrx_word' id='word_1_163' title='bbox 1286 1378 1322 1415; x_wconf 92' lang='lat' dir='ltr'>le</span> <span class='ocrx_word' id='word_1_164' title='bbox 1349 1377 1505 1416; x_wconf 80' lang='lat' dir='ltr'>diverse</span> <span class='ocrx_word' id='word_1_165' title='bbox 1537 1379 1644 1424; x_wconf 80' lang='lat' dir='ltr'>parti</span> <span class='ocrx_word' id='word_1_166' title='bbox 1669 1381 1831 1417; x_wconf 77' lang='lat' dir='ltr'>restano</span> 
     </span>
     <span class='ocr_line' id='line_1_22' title="bbox 344 1425 1834 1472; baseline -0.001 -7"><span class='ocrx_word' id='word_1_167' title='bbox 344 1433 448 1466; x_wconf 86' lang='lat' dir='ltr'>rotte</span> <span class='ocrx_word' id='word_1_168' title='bbox 473 1428 510 1465; x_wconf 91' lang='lat' dir='ltr'>le</span> <span class='ocrx_word' id='word_1_169' title='bbox 538 1426 860 1472; x_wconf 87' lang='lat' dir='ltr'>comunicazioni,</span> <span class='ocrx_word' id='word_1_170' title='bbox 881 1431 989 1463; x_wconf 86' lang='lat' dir='ltr'>resta</span> <span class='ocrx_word' id='word_1_171' title='bbox 1009 1437 1169 1470; x_wconf 87' lang='lat' dir='ltr'>sospeso</span> <span class='ocrx_word' id='word_1_172' title='bbox 1195 1426 1224 1461; x_wconf 93' lang='lat' dir='ltr'>il</span> <span class='ocrx_word' id='word_1_173' title='bbox 1246 1426 1479 1464; x_wconf 88' lang='lat' dir='ltr'>commercio</span> <span class='ocrx_word' id='word_1_174' title='bbox 1505 1425 1569 1464; x_wconf 90' lang='lat' dir='ltr'>dei</span> <span class='ocrx_word' id='word_1_175' title='bbox 1591 1426 1686 1465; x_wconf 91' lang='lat' dir='ltr'>moti</span> <span class='ocrx_word' id='word_1_176' title='bbox 1710 1438 1834 1464; x_wconf 80' lang='lat' dir='ltr'>scam·</span> 
     </span>
     <span class='ocr_line' id='line_1_23' title="bbox 346 1473 1834 1519; baseline -0.001 -6"><span class='ocrx_word' id='word_1_177' title='bbox 346 1476 503 1513; x_wconf 88' lang='lat' dir='ltr'>bievoli.</span> <span class='ocrx_word' id='word_1_178' title='bbox 537 1474 628 1513; x_wconf 74' lang='lat' dir='ltr'>Cosi</span> <span class='ocrx_word' id='word_1_179' title='bbox 664 1486 799 1519; x_wconf 88' lang='lat' dir='ltr'>presso</span> <span class='ocrx_word' id='word_1_180' title='bbox 831 1486 854 1510; x_wconf 90' lang='lat' dir='ltr'>a</span> <span class='ocrx_word' id='word_1_181' title='bbox 890 1485 987 1518; x_wconf 91' lang='lat' dir='ltr'>poco</span> <span class='ocrx_word' id='word_1_182' title='bbox 1021 1473 1106 1510; x_wconf 89' lang='lat' dir='ltr'>dice</span> <span class='ocrx_word' id='word_1_183' title='bbox 1140 1473 1312 1518; x_wconf 85' lang='lat' dir='ltr'>Epicuro</span> <span class='ocrx_word' id='word_1_184' title='bbox 1350 1476 1488 1518; x_wconf 79' lang='lat' dir='ltr'>stesso,</span> <span class='ocrx_word' id='word_1_185' title='bbox 1520 1474 1642 1512; x_wconf 84' lang='lat' dir='ltr'>citato</span> <span class='ocrx_word' id='word_1_186' title='bbox 1675 1473 1717 1512; x_wconf 92' lang='lat' dir='ltr'>in</span> <span class='ocrx_word' id='word_1_187' title='bbox 1753 1486 1834 1512; x_wconf 86' lang='lat' dir='ltr'>una</span> 
     </span>
     <span class='ocr_line' id='line_1_24' title="bbox 346 1522 1836 1575; baseline -0.003 -8"><span class='ocrx_word' id='word_1_188' title='bbox 346 1530 478 1575; x_wconf 81' lang='lat' dir='ltr'>glossa</span> <span class='ocrx_word' id='word_1_189' title='bbox 497 1528 577 1565; x_wconf 77' lang='lat' dir='ltr'>alla</span> <span class='ocrx_word' id='word_1_190' title='bbox 598 1540 670 1565; x_wconf 83' lang='lat' dir='ltr'>Sua</span> <span class='ocrx_word' id='word_1_191' title='bbox 688 1528 833 1565; x_wconf 83' lang='lat' dir='ltr'>lettera</span> <span class='ocrx_word' id='word_1_192' title='bbox 856 1526 906 1563; x_wconf 87' lang='lat' dir='ltr'>ad</span> <span class='ocrx_word' id='word_1_193' title='bbox 927 1526 1114 1572; x_wconf 82' lang='lat' dir='ltr'>Erodoto,</span> <span class='ocrx_word' id='word_1_194' title='bbox 1131 1527 1187 1563; x_wconf 88' lang='grc'>66.</span> <span class='ocrx_word' id='word_1_195' title='bbox 1207 1522 1322 1562; x_wconf 75' lang='grc' dir='ltr'><em>ὕπνον</em></span> <span class='ocrx_word' id='word_1_196' title='bbox 1343 1529 1515 1574; x_wconf 80' lang='grc' dir='ltr'><em>γίνεσθαι</em></span> <span class='ocrx_word' id='word_1_197' title='bbox 1537 1526 1606 1563; x_wconf 81' lang='grc' dir='ltr'>τῶν</span> <span class='ocrx_word' id='word_1_198' title='bbox 1628 1525 1690 1575; x_wconf 81' lang='grc' dir='ltr'>τῆς</span> <span class='ocrx_word' id='word_1_199' title='bbox 1712 1526 1836 1574; x_wconf 65' lang='grc' dir='ltr'><strong><em>ψυχῆς</em></strong></span> 
     </span>
     <span class='ocr_line' id='line_1_25' title="bbox 346 1575 1835 1631; baseline 0.001 -13"><span class='ocrx_word' id='word_1_200' title='bbox 346 1582 480 1631; x_wconf 76' lang='grc' dir='ltr'><em>μερῶν,</em></span> <span class='ocrx_word' id='word_1_201' title='bbox 506 1581 576 1618; x_wconf 75' lang='grc' dir='ltr'>τῶν</span> <span class='ocrx_word' id='word_1_202' title='bbox 603 1580 696 1631; x_wconf 81' lang='grc' dir='ltr'>παρ’</span> <span class='ocrx_word' id='word_1_203' title='bbox 717 1576 805 1628; x_wconf 76' lang='grc' dir='ltr'><em>ὅλην</em></span> <span class='ocrx_word' id='word_1_204' title='bbox 830 1576 895 1628; x_wconf 81' lang='grc' dir='ltr'>τὴν</span> <span class='ocrx_word' id='word_1_205' title='bbox 922 1575 1110 1629; x_wconf 72' lang='grc' dir='ltr'><em>σύγκρισιν</em></span> <span class='ocrx_word' id='word_1_206' title='bbox 1136 1581 1458 1630; x_wconf 71' lang='grc' dir='ltr'><em>παρεσπαρμένων</em></span> <span class='ocrx_word' id='word_1_207' title='bbox 1485 1580 1532 1626; x_wconf 84' lang='lat' dir='ltr'>[Si</span> <span class='ocrx_word' id='word_1_208' title='bbox 1557 1580 1641 1619; x_wconf 78' lang='grc' dir='ltr'><strong>1101ῑί</strong></span> <span class='ocrx_word' id='word_1_209' title='bbox 1667 1581 1740 1619; x_wconf 79' lang='lat' dir='ltr'>che</span> <span class='ocrx_word' id='word_1_210' title='bbox 1765 1580 1835 1626; x_wconf 82' lang='lat' dir='ltr'>qui</span> 
     </span>
     <span class='ocr_line' id='line_1_26' title="bbox 348 1632 1836 1680; baseline -0.001 -6"><span class='ocrx_word' id='word_1_211' title='bbox 348 1636 369 1674; x_wconf 76' lang='grc' dir='ltr'>ὲ</span> <span class='ocrx_word' id='word_1_212' title='bbox 402 1634 669 1674; x_wconf 82' lang='lat' dir='ltr'>determinata</span> <span class='ocrx_word' id='word_1_213' title='bbox 703 1634 837 1679; x_wconf 90' lang='lat' dir='ltr'>quella</span> <span class='ocrx_word' id='word_1_214' title='bbox 873 1635 988 1679; x_wconf 86' lang='lat' dir='ltr'>parte</span> <span class='ocrx_word' id='word_1_215' title='bbox 1024 1632 1258 1670; x_wconf 84' lang='lat' dir='ltr'>dell’anima</span> <span class='ocrx_word' id='word_1_216' title='bbox 1285 1632 1357 1671; x_wconf 88' lang='lat' dir='ltr'>che</span> <span class='ocrx_word' id='word_1_217' title='bbox 1389 1632 1411 1671; x_wconf 81' lang='grc' dir='ltr'>ὸ</span> <span class='ocrx_word' id='word_1_218' title='bbox 1438 1633 1583 1672; x_wconf 80' lang='lat' dir='ltr'>diffusa</span> <span class='ocrx_word' id='word_1_219' title='bbox 1607 1633 1673 1680; x_wconf 85' lang='lat' dir='ltr'>pel</span> <span class='ocrx_word' id='word_1_220' title='bbox 1699 1646 1836 1679; x_wconf 86' lang='lat' dir='ltr'>corpo;</span> 
     </span>
     <span class='ocr_line' id='line_1_27' title="bbox 348 1680 1836 1730; baseline -0.003 -9"><span class='ocrx_word' id='word_1_221' title='bbox 348 1683 420 1721; x_wconf 75' lang='lat' dir='ltr'>che</span> <span class='ocrx_word' id='word_1_222' title='bbox 447 1683 572 1720; x_wconf 85' lang='lat' dir='ltr'>anche</span> <span class='ocrx_word' id='word_1_223' title='bbox 599 1682 663 1720; x_wconf 93' lang='lat' dir='ltr'>nel</span> <span class='ocrx_word' id='word_1_224' title='bbox 690 1694 825 1727; x_wconf 80' lang='lat' dir='ltr'>sonno,</span> <span class='ocrx_word' id='word_1_225' title='bbox 863 1681 932 1726; x_wconf 70' lang='lat' dir='ltr'>pin</span> <span class='ocrx_word' id='word_1_226' title='bbox 958 1693 979 1718; x_wconf 96' lang='lat' dir='ltr'>o</span> <span class='ocrx_word' id='word_1_227' title='bbox 1014 1692 1142 1725; x_wconf 88' lang='lat' dir='ltr'>meno,</span> <span class='ocrx_word' id='word_1_228' title='bbox 1178 1693 1287 1719; x_wconf 83' lang='lat' dir='ltr'>mens</span> <span class='ocrx_word' id='word_1_229' title='bbox 1324 1680 1492 1727; x_wconf 71' lang='lat' dir='ltr'>viyilatL</span> <span class='ocrx_word' id='word_1_230' title='bbox 1529 1680 1836 1730; x_wconf 78' lang='grc' dir='ltr'><em>ἐγκατεχομένων</em></span> 
     </span>
     <span class='ocr_line' id='line_1_28' title="bbox 352 1731 1840 1783; baseline -0.009 -8"><span class='ocrx_word' id='word_1_231' title='bbox 352 1737 561 1783; x_wconf 77' lang='lat' dir='ltr'>(contrusa</span> <span class='ocrx_word' id='word_1_232' title='bbox 586 1738 773 1774; x_wconf 76' lang='lat' dir='ltr'>concessit</span> <span class='ocrx_word' id='word_1_233' title='bbox 798 1737 842 1773; x_wconf 81' lang='lat' dir='ltr'>in</span> <span class='ocrx_word' id='word_1_234' title='bbox 865 1733 1010 1778; x_wconf 76' lang='lat' dir='ltr'>altum)</span> <span class='ocrx_word' id='word_1_235' title='bbox 1040 1731 1061 1780; x_wconf 84' lang='grc' dir='ltr'><em>ἢ</em></span> <span class='ocrx_word' id='word_1_236' title='bbox 1091 1735 1394 1783; x_wconf 75' lang='grc' dir='ltr'><em>διαφορουμένων</em></span> <span class='ocrx_word' id='word_1_237' title='bbox 1417 1734 1633 1781; x_wconf 78' lang='lat' dir='ltr'>(distracta</span> <span class='ocrx_word' id='word_1_238' title='bbox 1666 1748 1737 1783; x_wconf 80' lang='lat' dir='ltr'>per</span> <span class='ocrx_word' id='word_1_239' title='bbox 1773 1748 1840 1773; x_wconf 63' lang='lat' dir='ltr'>ar-</span> 
     </span>
     <span class='ocr_line' id='line_1_29' title="bbox 351 1785 1868 1837; baseline -0.001 -8"><span class='ocrx_word' id='word_1_240' title='bbox 351 1791 449 1837; x_wconf 77' lang='lat' dir='ltr'>tus),</span> <span class='ocrx_word' id='word_1_241' title='bbox 484 1789 563 1826; x_wconf 80' lang='grc' dir='ltr'><em>εἶτα</em></span> <span class='ocrx_word' id='word_1_242' title='bbox 589 1785 873 1836; x_wconf 79' lang='grc' dir='ltr'><em>συμπιπτόντων</em></span> <span class='ocrx_word' id='word_1_243' title='bbox 904 1793 976 1828; x_wconf 83' lang='grc' dir='ltr'><strong><em>τοῖς</em></strong></span> <span class='ocrx_word' id='word_1_244' title='bbox 998 1787 1241 1836; x_wconf 78' lang='grc' dir='ltr'><em>ἐπερεισμοῖς.</em></span> <span class='ocrx_word' id='word_1_245' title='bbox 1268 1787 1554 1832; x_wconf 73' lang='lat' dir='ltr'>Quest⁷ultima</span> <span class='ocrx_word' id='word_1_246' title='bbox 1574 1788 1693 1835; x_wconf 83' lang='lat' dir='ltr'>fra8e‚</span> <span class='ocrx_word' id='word_1_247' title='bbox 1719 1789 1759 1827; x_wconf 84' lang='lat' dir='ltr'>di</span> <span class='ocrx_word' id='word_1_248' title='bbox 1783 1790 1838 1827; x_wconf 84' lang='lat' dir='ltr'>le·</span> <span class='ocrx_word' id='word_1_249' title='bbox 1866 1815 1868 1817; x_wconf 60' lang='lat'>&gt;</span> 
     </span>
     <span class='ocr_line' id='line_1_30' title="bbox 350 1841 1838 1887; baseline -0.001 -5"><span class='ocrx_word' id='word_1_250' title='bbox 350 1845 463 1882; x_wconf 80' lang='lat' dir='ltr'>zione</span> <span class='ocrx_word' id='word_1_251' title='bbox 484 1844 604 1881; x_wconf 88' lang='lat' dir='ltr'>molto</span> <span class='ocrx_word' id='word_1_252' title='bbox 623 1843 787 1887; x_wconf 84' lang='lat' dir='ltr'>incerta,</span> <span class='ocrx_word' id='word_1_253' title='bbox 804 1843 844 1880; x_wconf 87' lang='lat' dir='ltr'>la</span> <span class='ocrx_word' id='word_1_254' title='bbox 866 1842 914 1880; x_wconf 75' lang='lat' dir='ltr'>dc</span> <span class='ocrx_word' id='word_1_255' title='bbox 936 1841 1107 1880; x_wconf 84' lang='lat' dir='ltr'>seconda</span> <span class='ocrx_word' id='word_1_256' title='bbox 1128 1842 1292 1880; x_wconf 86' lang='lat' dir='ltr'>Usener.</span> <span class='ocrx_word' id='word_1_257' title='bbox 1311 1841 1383 1880; x_wconf 73' lang='lat' dir='ltr'>C’e</span> <span class='ocrx_word' id='word_1_258' title='bbox 1404 1842 1532 1880; x_wconf 86' lang='lat' dir='ltr'>anche</span> <span class='ocrx_word' id='word_1_259' title='bbox 1553 1855 1634 1881; x_wconf 84' lang='lat' dir='ltr'>una</span> <span class='ocrx_word' id='word_1_260' title='bbox 1654 1843 1838 1881; x_wconf 80' lang='lat' dir='ltr'>variante</span> 
     </span>
     <span class='ocr_line' id='line_1_31' title="bbox 352 1887 1838 1945; baseline 0.001 -11"><span class='ocrx_word' id='word_1_261' title='bbox 352 1898 522 1945; x_wconf 74' lang='grc' dir='ltr'>ἑμπιπτ.;</span> <span class='ocrx_word' id='word_1_262' title='bbox 549 1897 654 1934; x_wconf 87' lang='lat' dir='ltr'>forse</span> <span class='ocrx_word' id='word_1_263' title='bbox 681 1895 855 1933; x_wconf 55' lang='lat' dir='ltr'>inmun?</span> <span class='ocrx_word' id='word_1_264' title='bbox 885 1895 900 1911; x_wconf 88' lang='lat'>“</span> <span class='ocrx_word' id='word_1_265' title='bbox 921 1896 962 1932; x_wconf 91' lang='lat' dir='ltr'>in</span> <span class='ocrx_word' id='word_1_266' title='bbox 987 1887 1111 1940; x_wconf 71' lang='lat' dir='ltr'>parte·</span> <span class='ocrx_word' id='word_1_267' title='bbox 1129 1894 1351 1939; x_wconf 82' lang='lat' dir='ltr'>sfuggendo</span> <span class='ocrx_word' id='word_1_268' title='bbox 1378 1895 1456 1933; x_wconf 86' lang='lat' dir='ltr'>alle</span> <span class='ocrx_word' id='word_1_269' title='bbox 1482 1895 1591 1933; x_wconf 83' lang='lat' dir='ltr'>forze</span> <span class='ocrx_word' id='word_1_270' title='bbox 1609 1896 1780 1935; x_wconf 86' lang='lat' dir='ltr'>coibenti</span> <span class='ocrx_word' id='word_1_271' title='bbox 1799 1909 1838 1942; x_wconf 77' lang='lat' dir='ltr'>„z</span> 
     </span>
     <span class='ocr_line' id='line_1_32' title="bbox 351 1942 1839 1991; baseline -0.001 -9"><span class='ocrx_word' id='word_1_272' title='bbox 351 1945 489 1990; x_wconf 88' lang='lat' dir='ltr'>quindi</span> <span class='ocrx_word' id='word_1_273' title='bbox 513 1944 629 1991; x_wconf 82' lang='lat' dir='ltr'>foras</span> <span class='ocrx_word' id='word_1_274' title='bbox 654 1946 785 1981; x_wconf 76' lang='lat' dir='ltr'>eiecta.</span> <span class='ocrx_word' id='word_1_275' title='bbox 811 1943 888 1981; x_wconf 83' lang='lat' dir='ltr'>Tre</span> <span class='ocrx_word' id='word_1_276' title='bbox 914 1943 1021 1981; x_wconf 82' lang='lat' dir='ltr'>volte</span> <span class='ocrx_word' id='word_1_277' title='bbox 1047 1943 1239 1979; x_wconf 88' lang='lat' dir='ltr'>Lucrezio</span> <span class='ocrx_word' id='word_1_278' title='bbox 1263 1942 1481 1988; x_wconf 82' lang='lat' dir='ltr'>specificai</span> <span class='ocrx_word' id='word_1_279' title='bbox 1508 1953 1567 1981; x_wconf 86' lang='lat' dir='ltr'>tre</span> <span class='ocrx_word' id='word_1_280' title='bbox 1593 1944 1708 1989; x_wconf 80' lang='lat' dir='ltr'>punti</span> <span class='ocrx_word' id='word_1_281' title='bbox 1733 1943 1839 1981; x_wconf 79' lang='lat' dir='ltr'>della</span> 
     </span>
     <span class='ocr_line' id='line_1_33' title="bbox 352 1990 1840 2037; baseline -0.001 -7"><span class='ocrx_word' id='word_1_282' title='bbox 352 1993 614 2037; x_wconf 81' lang='lat' dir='ltr'>dissipazione</span> <span class='ocrx_word' id='word_1_283' title='bbox 641 1991 880 2037; x_wconf 82' lang='lat' dir='ltr'>all’esterno,</span> <span class='ocrx_word' id='word_1_284' title='bbox 900 1990 1005 2028; x_wconf 82' lang='lat' dir='ltr'>della</span> <span class='ocrx_word' id='word_1_285' title='bbox 1026 1990 1354 2027; x_wconf 81' lang='lat' dir='ltr'>concentrazione</span> <span class='ocrx_word' id='word_1_286' title='bbox 1376 1991 1440 2028; x_wconf 90' lang='lat' dir='ltr'>nel</span> <span class='ocrx_word' id='word_1_287' title='bbox 1467 1990 1660 2035; x_wconf 84' lang='lat' dir='ltr'>profondo</span> <span class='ocrx_word' id='word_1_288' title='bbox 1687 2003 1709 2029; x_wconf 91' lang='grc'><strong>0</strong></span> <span class='ocrx_word' id='word_1_289' title='bbox 1734 1991 1840 2029; x_wconf 78' lang='lat' dir='ltr'>della</span> 
     </span>
     <span class='ocr_line' id='line_1_34' title="bbox 352 2038 1839 2085; baseline 0 -8"><span class='ocrx_word' id='word_1_290' title='bbox 352 2040 590 2078; x_wconf 84' lang='lat' dir='ltr'>distrazione</span> <span class='ocrx_word' id='word_1_291' title='bbox 610 2051 683 2085; x_wconf 80' lang='lat' dir='ltr'>per</span> <span class='ocrx_word' id='word_1_292' title='bbox 705 2043 828 2084; x_wconf 75' lang='lat' dir='ltr'>artus,</span> <span class='ocrx_word' id='word_1_293' title='bbox 850 2038 1018 2083; x_wconf 81' lang='lat'>913·915‚</span> <span class='ocrx_word' id='word_1_294' title='bbox 1045 2038 1213 2083; x_wconf 72' lang='lat'>941-943,</span> <span class='ocrx_word' id='word_1_295' title='bbox 1235 2038 1411 2083; x_wconf 82' lang='lat'>956-9583</span> <span class='ocrx_word' id='word_1_296' title='bbox 1433 2038 1562 2076; x_wconf 71' lang='lat' dir='ltr'>sicche</span> <span class='ocrx_word' id='word_1_297' title='bbox 1584 2051 1655 2076; x_wconf 81' lang='lat' dir='ltr'>son</span> <span class='ocrx_word' id='word_1_298' title='bbox 1677 2039 1728 2077; x_wconf 83' lang='lat' dir='ltr'>da</span> <span class='ocrx_word' id='word_1_299' title='bbox 1747 2039 1839 2077; x_wconf 86' lang='lat' dir='ltr'>rite·</span> 
     </span>
     <span class='ocr_line' id='line_1_35' title="bbox 353 2086 913 2130; baseline -0.005 -4"><span class='ocrx_word' id='word_1_300' title='bbox 353 2100 447 2126; x_wconf 87' lang='lat' dir='ltr'>nere</span> <span class='ocrx_word' id='word_1_301' title='bbox 475 2099 584 2125; x_wconf 87' lang='lat' dir='ltr'>come</span> <span class='ocrx_word' id='word_1_302' title='bbox 612 2086 731 2124; x_wconf 88' lang='lat' dir='ltr'>molto</span> <span class='ocrx_word' id='word_1_303' title='bbox 759 2086 913 2130; x_wconf 88' lang='lat' dir='ltr'>precisi.</span> 
     </span>
    </p>

    <p class='ocr_par' dir='ltr' id='par_1_6' title="bbox 353 2133 1843 2754">
     <span class='ocr_line' id='line_1_36' title="bbox 446 2133 1839 2180; baseline 0.001 -10"><span class='ocrx_word' id='word_1_304' title='bbox 446 2133 530 2170; x_wconf 79' lang='lat'>904.</span> <span class='ocrx_word' id='word_1_305' title='bbox 550 2135 642 2180; x_wconf 69' lang='lat' dir='ltr'>ille,⁴</span> <span class='ocrx_word' id='word_1_306' title='bbox 660 2133 699 2171; x_wconf 85' lang='lat' dir='ltr'>di</span> <span class='ocrx_word' id='word_1_307' title='bbox 720 2134 783 2171; x_wconf 91' lang='lat' dir='ltr'>cui</span> <span class='ocrx_word' id='word_1_308' title='bbox 801 2133 829 2170; x_wconf 84' lang='lat' dir='ltr'>s&#39;</span> <span class='ocrx_word' id='word_1_309' title='bbox 844 2133 864 2170; x_wconf 81' lang='grc' dir='ltr'>ὸ</span> <span class='ocrx_word' id='word_1_310' title='bbox 885 2133 1041 2178; x_wconf 87' lang='lat' dir='ltr'>parlato</span> <span class='ocrx_word' id='word_1_311' title='bbox 1062 2144 1191 2178; x_wconf 82' lang='lat' dir='ltr'>sopra.</span> <span class='ocrx_word' id='word_1_312' title='bbox 1273 2152 1320 2158; x_wconf 92' lang='lat'>—-</span> <span class='ocrx_word' id='word_1_313' title='bbox 1337 2135 1502 2179; x_wconf 78' lang='lat' dir='ltr'>quietem</span> <span class='ocrx_word' id='word_1_314' title='bbox 1519 2135 1676 2179; x_wconf 67' lang='lat' dir='ltr'>inriqet.</span> <span class='ocrx_word' id='word_1_315' title='bbox 1698 2134 1797 2172; x_wconf 77' lang='lat' dir='ltr'>Aen.</span> <span class='ocrx_word' id='word_1_316' title='bbox 1819 2134 1839 2171; x_wconf 96' lang='lat' dir='ltr'>I</span> 
     </span>
     <span class='ocr_line' id='line_1_37' title="bbox 354 2179 1841 2229; baseline 0 -9"><span class='ocrx_word' id='word_1_317' title='bbox 354 2185 419 2221; x_wconf 87' lang='grc'>691</span> <span class='ocrx_word' id='word_1_318' title='bbox 451 2182 651 2229; x_wconf 83' lang='lat' dir='ltr'>placidam</span> <span class='ocrx_word' id='word_1_319' title='bbox 691 2193 761 2227; x_wconf 83' lang='lat' dir='ltr'>per</span> <span class='ocrx_word' id='word_1_320' title='bbox 785 2181 958 2218; x_wconf 79' lang='lat' dir='ltr'>membra</span> <span class='ocrx_word' id='word_1_321' title='bbox 989 2182 1154 2227; x_wconf 77' lang='lat' dir='ltr'>quietem</span> <span class='ocrx_word' id='word_1_322' title='bbox 1191 2179 1366 2225; x_wconf 69' lang='lat' dir='ltr'>Inriqat.</span> <span class='ocrx_word' id='word_1_323' title='bbox 1391 2180 1455 2218; x_wconf 85' lang='grc' dir='ltr'>ΠΙ</span> <span class='ocrx_word' id='word_1_324' title='bbox 1479 2182 1548 2219; x_wconf 86' lang='grc'>511</span> <span class='ocrx_word' id='word_1_325' title='bbox 1574 2181 1701 2229; x_wconf 74' lang='lat' dir='ltr'>fessos</span> <span class='ocrx_word' id='word_1_326' title='bbox 1725 2194 1841 2228; x_wconf 84' lang='lat' dir='ltr'>sopor</span> 
     </span>
     <span class='ocr_line' id='line_1_38' title="bbox 353 2228 1840 2275; baseline 0 -8"><span class='ocrx_word' id='word_1_327' title='bbox 353 2232 507 2275; x_wconf 66' lang='lat' dir='ltr'>inriyat</span> <span class='ocrx_word' id='word_1_328' title='bbox 524 2233 647 2266; x_wconf 78' lang='lat' dir='ltr'>artus.</span> <span class='ocrx_word' id='word_1_329' title='bbox 665 2228 744 2265; x_wconf 80' lang='lat' dir='ltr'>cfr.</span> <span class='ocrx_word' id='word_1_330' title='bbox 764 2242 787 2265; x_wconf 84' lang='lat' dir='ltr'>a</span> <span class='ocrx_word' id='word_1_331' title='bbox 805 2229 845 2265; x_wconf 92' lang='lat' dir='ltr'>II</span> <span class='ocrx_word' id='word_1_332' title='bbox 863 2229 944 2266; x_wconf 87' lang='grc'><strong>262.</strong></span> <span class='ocrx_word' id='word_1_333' title='bbox 1017 2247 1064 2253; x_wconf 89' lang='grc'>-</span> <span class='ocrx_word' id='word_1_334' title='bbox 1090 2228 1256 2262; x_wconf 82' lang='grc'><strong>906-908</strong></span> <span class='ocrx_word' id='word_1_335' title='bbox 1273 2241 1318 2259; x_wconf 90' lang='lat'><strong><em>=</em></strong></span> <span class='ocrx_word' id='word_1_336' title='bbox 1336 2229 1502 2266; x_wconf 83' lang='lat'>178-180.</span> <span class='ocrx_word' id='word_1_337' title='bbox 1573 2249 1621 2255; x_wconf 92' lang='lat'>—-</span> <span class='ocrx_word' id='word_1_338' title='bbox 1649 2229 1741 2267; x_wconf 77' lang='grc'><strong>909.</strong></span> <span class='ocrx_word' id='word_1_339' title='bbox 1759 2229 1840 2267; x_wconf 83' lang='lat' dir='ltr'>Ofr.</span> 
     </span>
     <span class='ocr_line' id='line_1_39' title="bbox 353 2276 1841 2322; baseline -0.001 -7"><span class='ocrx_word' id='word_1_340' title='bbox 353 2279 373 2315; x_wconf 88' lang='lat'>1</span> <span class='ocrx_word' id='word_1_341' title='bbox 393 2279 439 2315; x_wconf 81' lang='lat'>50</span> <span class='ocrx_word' id='word_1_342' title='bbox 460 2289 604 2314; x_wconf 79' lang='lat' dir='ltr'>vacuas</span> <span class='ocrx_word' id='word_1_343' title='bbox 622 2288 740 2314; x_wconf 76' lang='lat' dir='ltr'>aures</span> <span class='ocrx_word' id='word_1_344' title='bbox 761 2278 1012 2322; x_wconf 77' lang='lat' dir='ltr'>animumque</span> <span class='ocrx_word' id='word_1_345' title='bbox 1037 2287 1225 2321; x_wconf 61' lang='lat' dir='ltr'>sapacem.</span> <span class='ocrx_word' id='word_1_346' title='bbox 1299 2294 1346 2300; x_wconf 91' lang='lat'>—-</span> <span class='ocrx_word' id='word_1_347' title='bbox 1372 2278 1502 2314; x_wconf 79' lang='lat' dir='ltr'>tenuis</span> <span class='ocrx_word' id='word_1_348' title='bbox 1529 2276 1545 2294; x_wconf 78' lang='lat'>‘⁴</span> <span class='ocrx_word' id='word_1_349' title='bbox 1561 2276 1641 2315; x_wconf 86' lang='lat' dir='ltr'>fine</span> <span class='ocrx_word' id='word_1_350' title='bbox 1657 2306 1673 2322; x_wconf 80' lang='lat'><strong>„</strong></span> <span class='ocrx_word' id='word_1_351' title='bbox 1702 2277 1841 2322; x_wconf 87' lang='lat' dir='ltr'>quindi</span> 
     </span>
     <span class='ocr_line' id='line_1_40' title="bbox 357 2323 1841 2370; baseline 0.001 -8"><span class='ocrx_word' id='word_1_352' title='bbox 357 2326 372 2343; x_wconf 82' lang='lat'>‘⁴</span> <span class='ocrx_word' id='word_1_353' title='bbox 394 2328 510 2362; x_wconf 85' lang='lat' dir='ltr'>acute</span> <span class='ocrx_word' id='word_1_354' title='bbox 531 2353 561 2370; x_wconf 87' lang='lat'>„.</span> <span class='ocrx_word' id='word_1_355' title='bbox 659 2343 703 2349; x_wconf 96' lang='lat'>—</span> <span class='ocrx_word' id='word_1_356' title='bbox 731 2324 814 2360; x_wconf 83' lang='lat'>⁰13.</span> <span class='ocrx_word' id='word_1_357' title='bbox 833 2324 1050 2369; x_wconf 79' lang='lat' dir='ltr'>principio,</span> <span class='ocrx_word' id='word_1_358' title='bbox 1075 2334 1195 2359; x_wconf 83' lang='lat' dir='ltr'>senza</span> <span class='ocrx_word' id='word_1_359' title='bbox 1222 2323 1294 2359; x_wconf 89' lang='grc'><strong>0110</strong></span> <span class='ocrx_word' id='word_1_360' title='bbox 1314 2334 1445 2368; x_wconf 84' lang='lat' dir='ltr'>venga</span> <span class='ocrx_word' id='word_1_361' title='bbox 1469 2324 1535 2369; x_wconf 87' lang='lat' dir='ltr'>poi</span> <span class='ocrx_word' id='word_1_362' title='bbox 1560 2336 1615 2361; x_wconf 91' lang='lat' dir='ltr'>un</span> <span class='ocrx_word' id='word_1_363' title='bbox 1641 2325 1792 2368; x_wconf 79' lang='lat' dir='ltr'>deinde,</span> <span class='ocrx_word' id='word_1_364' title='bbox 1817 2336 1841 2362; x_wconf 90' lang='grc' dir='ltr'>ο</span> 
     </span>
     <span class='ocr_line' id='line_1_41' title="bbox 355 2369 1841 2418; baseline 0.001 -9"><span class='ocrx_word' id='word_1_365' title='bbox 355 2385 409 2409; x_wconf 93' lang='lat' dir='ltr'>un</span> <span class='ocrx_word' id='word_1_366' title='bbox 432 2377 652 2418; x_wconf 80' lang='lat' dir='ltr'>praeterea.</span> <span class='ocrx_word' id='word_1_367' title='bbox 670 2371 737 2408; x_wconf 87' lang='lat' dir='ltr'>Ma</span> <span class='ocrx_word' id='word_1_368' title='bbox 759 2371 799 2407; x_wconf 92' lang='lat' dir='ltr'>in</span> <span class='ocrx_word' id='word_1_369' title='bbox 826 2370 966 2417; x_wconf 81' lang='lat' dir='ltr'>quibus</span> <span class='ocrx_word' id='word_1_370' title='bbox 991 2370 1116 2408; x_wconf 80' lang='lat' dir='ltr'>modis</span> <span class='ocrx_word' id='word_1_371' title='bbox 1137 2371 1207 2407; x_wconf 82' lang='lat'>904</span> <span class='ocrx_word' id='word_1_372' title='bbox 1227 2369 1254 2407; x_wconf 76' lang='grc' dir='ltr'>ὲ.</span> <span class='ocrx_word' id='word_1_373' title='bbox 1275 2382 1478 2416; x_wconf 89' lang='lat' dir='ltr'>compreso</span> <span class='ocrx_word' id='word_1_374' title='bbox 1500 2383 1580 2409; x_wconf 85' lang='lat' dir='ltr'>non</span> <span class='ocrx_word' id='word_1_375' title='bbox 1601 2372 1684 2410; x_wconf 83' lang='lat' dir='ltr'>solo</span> <span class='ocrx_word' id='word_1_376' title='bbox 1702 2372 1841 2418; x_wconf 79' lang='lat' dir='ltr'>l’argo-</span> 
     </span>
     <span class='ocr_line' id='line_1_42' title="bbox 354 2416 1840 2466; baseline 0.001 -9"><span class='ocrx_word' id='word_1_377' title='bbox 354 2422 488 2458; x_wconf 89' lang='lat' dir='ltr'>mento</span> <span class='ocrx_word' id='word_1_378' title='bbox 515 2418 554 2455; x_wconf 89' lang='lat' dir='ltr'>di</span> <span class='ocrx_word' id='word_1_379' title='bbox 580 2423 720 2463; x_wconf 88' lang='lat' dir='ltr'>questo</span> <span class='ocrx_word' id='word_1_380' title='bbox 746 2418 962 2462; x_wconf 81' lang='lat' dir='ltr'>paragrafo</span> <span class='ocrx_word' id='word_1_381' title='bbox 988 2437 1034 2443; x_wconf 84' lang='lat'>—-</span> <span class='ocrx_word' id='word_1_382' title='bbox 1055 2417 1092 2454; x_wconf 90' lang='grc'><strong>10</strong></span> <span class='ocrx_word' id='word_1_383' title='bbox 1119 2421 1225 2454; x_wconf 82' lang='lat' dir='ltr'>stato</span> <span class='ocrx_word' id='word_1_384' title='bbox 1251 2416 1342 2455; x_wconf 89' lang='lat' dir='ltr'>dell’</span> <span class='ocrx_word' id='word_1_385' title='bbox 1357 2418 1490 2456; x_wconf 86' lang='lat' dir='ltr'>anima</span> <span class='ocrx_word' id='word_1_386' title='bbox 1516 2419 1840 2466; x_wconf 80' lang='lat' dir='ltr'>corrispondente</span> 
     </span>
     <span class='ocr_line' id='line_1_43' title="bbox 356 2464 1842 2513; baseline 0.001 -9"><span class='ocrx_word' id='word_1_387' title='bbox 356 2468 396 2504; x_wconf 86' lang='lat' dir='ltr'>al</span> <span class='ocrx_word' id='word_1_388' title='bbox 421 2478 544 2504; x_wconf 89' lang='lat' dir='ltr'>sonno</span> <span class='ocrx_word' id='word_1_389' title='bbox 569 2485 616 2492; x_wconf 91' lang='lat'>·-</span> <span class='ocrx_word' id='word_1_390' title='bbox 642 2478 706 2502; x_wconf 83' lang='lat' dir='ltr'>ma</span> <span class='ocrx_word' id='word_1_391' title='bbox 732 2466 858 2503; x_wconf 86' lang='lat' dir='ltr'>anche</span> <span class='ocrx_word' id='word_1_392' title='bbox 884 2465 921 2502; x_wconf 90' lang='lat' dir='ltr'>le</span> <span class='ocrx_word' id='word_1_393' title='bbox 948 2477 1066 2502; x_wconf 87' lang='lat' dir='ltr'>cause</span> <span class='ocrx_word' id='word_1_394' title='bbox 1102 2464 1257 2502; x_wconf 81' lang='lat' dir='ltr'>diverse</span> <span class='ocrx_word' id='word_1_395' title='bbox 1293 2465 1333 2502; x_wconf 87' lang='lat' dir='ltr'>di</span> <span class='ocrx_word' id='word_1_396' title='bbox 1358 2466 1491 2509; x_wconf 83' lang='lat' dir='ltr'>quello</span> <span class='ocrx_word' id='word_1_397' title='bbox 1517 2469 1643 2513; x_wconf 85' lang='lat' dir='ltr'>stato;</span> <span class='ocrx_word' id='word_1_398' title='bbox 1667 2467 1701 2504; x_wconf 89' lang='lat' dir='ltr'>il-</span> <span class='ocrx_word' id='word_1_399' title='bbox 1722 2470 1842 2512; x_wconf 84' lang='lat' dir='ltr'>poeta</span> 
     </span>
     <span class='ocr_line' id='line_1_44' title="bbox 356 2512 1842 2559; baseline 0.001 -8"><span class='ocrx_word' id='word_1_400' title='bbox 356 2513 495 2559; x_wconf 87' lang='lat' dir='ltr'>quindi</span> <span class='ocrx_word' id='word_1_401' title='bbox 521 2512 729 2551; x_wconf 87' lang='lat' dir='ltr'>scrivendo</span> <span class='ocrx_word' id='word_1_402' title='bbox 748 2514 953 2559; x_wconf 77' lang='lat' dir='ltr'>principio</span> <span class='ocrx_word' id='word_1_403' title='bbox 975 2513 1027 2549; x_wconf 89' lang='lat' dir='ltr'>ha</span> <span class='ocrx_word' id='word_1_404' title='bbox 1052 2513 1094 2549; x_wconf 89' lang='lat' dir='ltr'>in</span> <span class='ocrx_word' id='word_1_405' title='bbox 1115 2517 1247 2550; x_wconf 90' lang='lat' dir='ltr'>mente</span> <span class='ocrx_word' id='word_1_406' title='bbox 1273 2513 1405 2557; x_wconf 88' lang='lat' dir='ltr'>quello</span> <span class='ocrx_word' id='word_1_407' title='bbox 1427 2514 1500 2552; x_wconf 89' lang='lat' dir='ltr'>che</span> <span class='ocrx_word' id='word_1_408' title='bbox 1525 2513 1612 2552; x_wconf 72' lang='lat' dir='ltr'>dira</span> <span class='ocrx_word' id='word_1_409' title='bbox 1637 2514 1688 2552; x_wconf 83' lang='lat' dir='ltr'>da</span> <span class='ocrx_word' id='word_1_410' title='bbox 1709 2515 1779 2553; x_wconf 83' lang='grc'>926</span> <span class='ocrx_word' id='word_1_411' title='bbox 1801 2516 1842 2553; x_wconf 90' lang='lat' dir='ltr'>in</span> 
     </span>
     <span class='ocr_line' id='line_1_45' title="bbox 356 2559 1843 2609; baseline 0.001 -10"><span class='ocrx_word' id='word_1_412' title='bbox 356 2562 437 2607; x_wconf 79' lang='lat' dir='ltr'>giu.</span> <span class='ocrx_word' id='word_1_413' title='bbox 535 2581 578 2586; x_wconf 89' lang='lat'><strong>—</strong></span> <span class='ocrx_word' id='word_1_414' title='bbox 607 2560 693 2598; x_wconf 82' lang='grc'><strong>914.</strong></span> <span class='ocrx_word' id='word_1_415' title='bbox 721 2562 903 2606; x_wconf 83' lang='lat' dir='ltr'>animae;</span> <span class='ocrx_word' id='word_1_416' title='bbox 938 2572 1047 2597; x_wconf 87' lang='lat' dir='ltr'>come</span> <span class='ocrx_word' id='word_1_417' title='bbox 1081 2572 1230 2604; x_wconf 82' lang='lat' dir='ltr'>appare</span> <span class='ocrx_word' id='word_1_418' title='bbox 1257 2559 1324 2597; x_wconf 84' lang='lat' dir='ltr'>dal</span> <span class='ocrx_word' id='word_1_419' title='bbox 1349 2560 1471 2599; x_wconf 83' lang='lat' dir='ltr'>citato</span> <span class='ocrx_word' id='word_1_420' title='bbox 1496 2561 1618 2600; x_wconf 87' lang='lat' dir='ltr'>scolio</span> <span class='ocrx_word' id='word_1_421' title='bbox 1644 2562 1843 2609; x_wconf 82' lang='lat' dir='ltr'>epicureo,</span> 
     </span>
     <span class='ocr_line' id='line_1_46' title="bbox 357 2607 1841 2656; baseline 0.001 -10"><span class='ocrx_word' id='word_1_422' title='bbox 357 2610 425 2654; x_wconf 87' lang='lat' dir='ltr'>qui</span> <span class='ocrx_word' id='word_1_423' title='bbox 451 2610 588 2646; x_wconf 84' lang='lat' dir='ltr'>anima</span> <span class='ocrx_word' id='word_1_424' title='bbox 614 2620 709 2653; x_wconf 85' lang='lat' dir='ltr'>pare</span> <span class='ocrx_word' id='word_1_425' title='bbox 748 2607 780 2645; x_wconf 88' lang='lat' dir='ltr'>si</span> <span class='ocrx_word' id='word_1_426' title='bbox 806 2607 937 2645; x_wconf 87' lang='lat' dir='ltr'>debba</span> <span class='ocrx_word' id='word_1_427' title='bbox 971 2607 1179 2645; x_wconf 89' lang='lat' dir='ltr'>intendere</span> <span class='ocrx_word' id='word_1_428' title='bbox 1217 2607 1284 2644; x_wconf 90' lang='lat' dir='ltr'>nel</span> <span class='ocrx_word' id='word_1_429' title='bbox 1309 2619 1424 2646; x_wconf 89' lang='lat' dir='ltr'>senso</span> <span class='ocrx_word' id='word_1_430' title='bbox 1457 2608 1527 2654; x_wconf 69' lang='lat' dir='ltr'>pisi</span> <span class='ocrx_word' id='word_1_431' title='bbox 1551 2609 1742 2656; x_wconf 85' lang='lat' dir='ltr'>ristretto,</span> <span class='ocrx_word' id='word_1_432' title='bbox 1768 2622 1841 2648; x_wconf 89' lang='lat' dir='ltr'>con</span> 
     </span>
     <span class='ocr_line' id='line_1_47' title="bbox 358 2654 1843 2702; baseline 0.001 -8"><span class='ocrx_word' id='word_1_433' title='bbox 358 2656 590 2702; x_wconf 81' lang='lat' dir='ltr'>esclusione‚</span> <span class='ocrx_word' id='word_1_434' title='bbox 609 2668 631 2693; x_wconf 94' lang='lat' dir='ltr'>o</span> <span class='ocrx_word' id='word_1_435' title='bbox 653 2656 779 2701; x_wconf 85' lang='lat' dir='ltr'>quasi,</span> <span class='ocrx_word' id='word_1_436' title='bbox 798 2654 1062 2692; x_wconf 77' lang='lat' dir='ltr'>dell&#39;animus.</span> <span class='ocrx_word' id='word_1_437' title='bbox 1084 2655 1135 2693; x_wconf 93' lang='lat' dir='ltr'>Al</span> <span class='ocrx_word' id='word_1_438' title='bbox 1154 2667 1189 2692; x_wconf 89' lang='lat' dir='ltr'>v.</span> <span class='ocrx_word' id='word_1_439' title='bbox 1210 2655 1292 2699; x_wconf 79' lang='lat'>941,</span> <span class='ocrx_word' id='word_1_440' title='bbox 1315 2667 1386 2700; x_wconf 88' lang='lat' dir='ltr'>per</span> <span class='ocrx_word' id='word_1_441' title='bbox 1407 2655 1522 2702; x_wconf 85' lang='lat' dir='ltr'>altro,</span> <span class='ocrx_word' id='word_1_442' title='bbox 1549 2655 1611 2694; x_wconf 72' lang='lat' dir='ltr'>c&#39;e</span> <span class='ocrx_word' id='word_1_443' title='bbox 1633 2659 1770 2701; x_wconf 82' lang='lat' dir='ltr'>animi,</span> <span class='ocrx_word' id='word_1_444' title='bbox 1792 2657 1843 2695; x_wconf 85' lang='lat' dir='ltr'>da</span> 
     </span>
     <span class='ocr_line' id='line_1_48' title="bbox 356 2702 1843 2754; baseline 0.001 -12"><span class='ocrx_word' id='word_1_445' title='bbox 356 2703 564 2746; x_wconf 82' lang='lat' dir='ltr'>intendere</span> <span class='ocrx_word' id='word_1_446' title='bbox 585 2703 650 2742; x_wconf 89' lang='lat' dir='ltr'>nel</span> <span class='ocrx_word' id='word_1_447' title='bbox 671 2715 786 2741; x_wconf 86' lang='lat' dir='ltr'>senso</span> <span class='ocrx_word' id='word_1_448' title='bbox 808 2703 1079 2748; x_wconf 87' lang='lat' dir='ltr'>complessivo.</span> <span class='ocrx_word' id='word_1_449' title='bbox 1154 2722 1197 2727; x_wconf 90' lang='lat'><em>-</em></span> <span class='ocrx_word' id='word_1_450' title='bbox 1215 2702 1288 2738; x_wconf 82' lang='grc'><strong>916</strong></span> <span class='ocrx_word' id='word_1_451' title='bbox 1304 2715 1324 2740; x_wconf 83' lang='grc'><strong>0</strong></span> <span class='ocrx_word' id='word_1_452' title='bbox 1341 2703 1411 2739; x_wconf 84' lang='grc'>917</span> <span class='ocrx_word' id='word_1_453' title='bbox 1432 2715 1515 2749; x_wconf 83' lang='lat' dir='ltr'>sgg.</span> <span class='ocrx_word' id='word_1_454' title='bbox 1533 2715 1630 2751; x_wconf 84' lang='lat' dir='ltr'>sono</span> <span class='ocrx_word' id='word_1_455' title='bbox 1651 2705 1692 2754; x_wconf 86' lang='lat' dir='ltr'>in</span> <span class='ocrx_word' id='word_1_456' title='bbox 1712 2705 1843 2754; x_wconf 60' lang='lat' dir='ltr'>3¹03}th</span> 
     </span>
    </p>
   </div>
  </div>
 </body>
</html>
