1872 3002
312 134 338 180 ss
730 131 815 178 DE
847 127 1077 196 RERUM
1108 124 1386 174 NATURA

341 227 507 285 integit
539 232 582 273 et
613 227 741 285 large
774 226 939 273 diffuso
970 222 1142 270 lumine
1173 221 1314 269 ridet:

343 292 496 339 omnia
527 291 788 351 suppeditat
819 306 953 349 porro
984 293 1166 345 natura,
1198 303 1344 347 neque
1375 287 1472 335 ulla

341 373 413 405 res
444 357 585 404 animi
616 373 775 416 pacem
808 356 978 403 delibat
1010 359 1211 412 tempore
1242 353 1290 399 in
1322 353 1428 401 ullo.

266 443 312 480 ‘25
343 428 391 470 at
423 427 582 470 contra
613 438 838 481 nusquam
873 424 1096 480 apparent
1126 418 1385 466 Acherusia
1415 419 1599 479 templa,

342 504 424 535 nec
456 487 589 535 tellus
621 488 772 534 obstat
803 487 914 546 quin
942 485 1096 533 omnia
1121 484 1438 544 dispiciantur,

343 554 426 600 sub
458 553 647 611 pedibus
680 567 993 611 quaecumque
1024 549 1146 597 infra
1177 565 1257 608 per
1286 549 1426 596 inane
1457 553 1694 608 geruntur.

342 617 414 664 his
445 618 510 664 ibi
541 634 612 664 me
644 619 780 666 rebus
811 616 1033 676 quaedam
1067 614 1227 661 divina
1258 614 1470 674 voluptas

343 683 535 742 percipit
567 688 706 742 atque
738 682 913 738 horror,
947 680 1068 741 quod
1100 680 1166 727 sic
1196 685 1366 727 natura
1395 685 1477 727 tua
1508 680 1556 728 vi

267 767 312 803 30
344 754 438 795 tam
472 748 717 796 manifesta
747 752 908 808 patens
939 763 995 794 ex
1029 745 1152 794 omni
1184 749 1313 805 parte
1345 749 1518 793 retecta
1547 749 1627 794 est.

316 1004 433 1036 ναται,
478 985 567 1025 cm&
612 985 696 1037 μάλ’
720 992 834 1039 αἴθρη
880 990 1070 1025 Πέπιαται
1115 984 1303 1034 ἆνέφελος,
1345 983 1454 1035 λευκὴ
1501 988 1535 1024 δ’
1555 986 1802 1038 ἐπιδέδρομεν

317 1045 438 1091 αἴγλη.
559 1063 605 1069 -
632 1043 690 1079 22.
717 1045 822 1081 ridet
872 1042 932 1080 coi
957 1054 1046 1080 mss
1073 1041 1107 1079 11
1133 1041 1364 1079 Lachmann
1392 1055 1412 1080 e
1438 1042 1503 1087 poi
1528 1041 1622 1080 tutti
1649 1053 1803 1089 correg-

316 1104 418 1137 gono
446 1092 484 1128 in
512 1093 646 1129 rident
669 1090 787 1135 (cioez
813 1091 945 1128 sedes!
979 1090 1075 1127 Dice
1110 1089 1138 1126 il
1163 1089 1414 1127 Lachmann:
1444 1090 1577 1127 ridere
1609 1091 1801 1130 dicuntur

316 1152 414 1186 quae
440 1139 703 1176 illustrantur
729 1151 806 1177 non
831 1150 929 1184 quae
950 1138 1175 1175 illustrant.
1202 1137 1268 1174 Ma
1293 1137 1344 1174 ho
1370 1137 1383 1174 i
1404 1137 1496 1175 miei
1521 1136 1656 1175 dubbi.
1683 1137 1803 1176 Certo

315 1188 373 1224 sol
399 1187 504 1224 ridet
526 1199 601 1224 non
624 1199 691 1232 va3
718 1199 782 1223 ma
803 1184 948 1231 perche
971 1196 1047 1222 non
1074 1185 1179 1222 ridet
1203 1184 1413 1222 innubilus
1428 1185 1593 1223 aether?
1616 1185 1651 1223 Il
1671 1186 1804 1224 ridere

315 1234 474 1279 implica
500 1235 691 1276 piuttosto
717 1246 798 1271 una
835 1235 944 1270 certa
981 1232 1214 1269 ostensione.
1250 1232 1391 1270 Anche
1428 1245 1508 1270 una
1533 1244 1626 1270 rosa
1658 1245 1737 1272 non
1764 1233 1803 1270 la

317 1281 402 1319 (lieo
431 1283 448 1300 “
469 1281 623 1319 ridente
640 1306 679 1325 ,‚,
718 1283 871 1318 mentre
908 1279 995 1317 dico
1031 1278 1224 1317 “ridente
1245 1306 1261 1323 „
1294 1291 1347 1316 un
1382 1282 1497 1324 prato
1530 1279 1674 1319 fiorito.
1707 1281 1741 1319 E
1764 1281 1804 1318 le

316 1330 424 1366 sedes
457 1341 535 1366 non
569 1329 602 1366 ci
637 1332 780 1366 stanno
806 1327 970 1365 davanti
1007 1327 1088 1364 alla
1113 1327 1288 1364 fantasia
1318 1338 1427 1365 come
1452 1327 1623 1372 qualche
1648 1340 1740 1366 cosa
1765 1328 1804 1366 di

317 1376 594 1420 determinato,
626 1389 735 1414 come
770 1375 791 1413 ὲ
826 1376 965 1413 invece
997 1375 1169 1412 l'eterea
1203 1374 1313 1411 vdlta
1339 1374 1410 1412 che
1436 1374 1474 1413 le
1501 1377 1640 1422 inteyit
1676 1387 1698 1413 e
1732 1376 1804 1414 che

317 1423 465 1468 diffuso
488 1425 634 1462 lumine
659 1425 774 1469 ridet,
793 1435 902 1461 come
928 1424 1027 1460 nitet
1047 1421 1194 1469 diffuso
1216 1422 1362 1459 lumine
1388 1423 1538 1460 eaelum
1563 1423 1583 1460 Ι
1603 1425 1636 1461 9.
1664 1423 1804 1461 Anche

318 1473 424 1525 λευκὴ
451 1476 740 1526 δ”ἐπιδέδρομεν
762 1478 870 1523 αἴγλη
897 1488 975 1513 non
998 1475 1082 1512 dice
1109 1475 1243 1512 niente
1266 1475 1305 1511 in
1332 1476 1542 1514 contrario.
1563 1496 1609 1502 -·
1629 1475 1709 1515 Cfr.
1731 1489 1803 1516 eon

317 1534 456 1576 questo
483 1543 519 1567 v.
546 1531 565 1568 I
590 1532 622 1573 9,
650 1543 670 1568 e
697 1531 735 1567 la
762 1533 856 1568 nota
883 1529 947 1566 ivi.

410 1585 470 1622 23.
497 1584 560 1622 24.
589 1584 730 1621 Omnia
756 1583 979 1629 suppeditat
1001 1586 1154 1619 natura
1185 1582 1278 1620 vuol
1310 1581 1394 1620 dire
1430 1583 1502 1621 che
1535 1582 1729 1622 l'infinita
1753 1584 1805 1622 ri-

318 1645 433 1670 serva
459 1632 630 1670 atomica
655 1630 758 1669 onde
784 1631 840 1675 gli
867 1630 930 1667 dei
956 1633 1267 1675 perennemente
1293 1630 1326 1667 si
1352 1630 1510 1668 rifanno
1528 1631 1705 1669 assicura
1721 1631 1805 1670 loro

319 1679 484 1717 l’eterna
510 1681 720 1724 esistenza‚
747 1690 768 1715 e
795 1690 867 1715 con
894 1680 1035 1722 questa
1060 1676 1227 1714 l'eterna
1253 1689 1362 1721 pace.
1389 1677 1470 1716 cfr.
1496 1678 1533 1715 V
1560 1677 1651 1717 1167
1677 1691 1760 1725 sgg.
1783 1691 1804 1717 e

318 1728 354 1765 10
377 1727 515 1765 Studio
540 1727 555 1743 “
579 1726 644 1764 Gli
670 1726 732 1764 dei
759 1725 798 1762 di
821 1725 991 1770 Epicuro
1010 1750 1049 1767 „.
1076 1724 1108 1760 Il
1128 1729 1257 1769 poeta,
1284 1737 1355 1769 per
1371 1725 1487 1769 altro,
1516 1725 1702 1765 evitando
1719 1739 1806 1772 pro-

318 1775 423 1812 nomi
449 1777 518 1819 (iis
543 1777 692 1817 eorum)
720 1786 740 1810 e
767 1772 918 1810 usando
947 1771 1184 1817 esprcssioni
1209 1771 1517 1811 indeterminate
1552 1786 1573 1811 e
1599 1777 1805 1816 smorzate‚

319 1823 391 1860 che
416 1834 558 1867 posson
586 1821 797 1860 convenire
822 1820 950 1857 anche
976 1820 1055 1857 alla
1074 1818 1304 1857 condizione
1324 1820 1389 1858 del
1410 1822 1604 1866 sapiente,
1628 1822 1680 1859 ha
1699 1822 1806 1860 forse

319 1869 579 1907 l’intenzione
597 1869 635 1906 di
654 1870 715 1906 far
735 1879 901 1914 pensare
920 1867 1047 1905 anche
1061 1879 1084 1903 a
1103 1871 1256 1911 questa,
1270 1880 1291 1905 e
1310 1868 1423 1912 quasi
1445 1868 1484 1906 di
1500 1867 1715 1907 ricordarci
1733 1869 1807 1908 che

318 1917 424 1954 nella
456 1917 631 1955 dottrina
665 1916 850 1961 epicurea
885 1915 924 1952 la
958 1915 1043 1952 vita
1077 1913 1213 1951 divina
1246 1913 1268 1951 ὸ
1304 1915 1430 1953 anche
1464 1928 1518 1954 un
1545 1915 1675 1955 ideale
1701 1916 1807 1955 della

320 1965 403 2002 vita
430 1964 494 2002 del
521 1965 714 2009 sapiente.
742 1983 780 1988 —
812 1963 987 2000 delibare
1013 1962 1204 1999 Lucrezio
1240 1961 1345 2000 l’usa
1377 1963 1441 2001 nel
1473 1975 1588 2002 senso
1613 1963 1652 2001 di
1678 1963 1806 2003 intac-

320 2024 422 2050 care.
449 2012 529 2050 Cfr.
555 2012 618 2049 111
643 2012 702 2049 VI
730 2012 785 2048 70.
812 2012 892 2048 621.
925 2011 1040 2048 Aact.
1067 2010 1120 2046 ad
1154 2009 1250 2047 Her.
1271 2010 1325 2047 IV
1363 2012 1429 2048 68:
1467 2011 1538 2049 ille
1572 2012 1686 2049 nulla
1718 2023 1803 2051 voce

320 2059 499 2097 delibans
524 2061 690 2097 insitam
714 2060 897 2096 virtutem
924 2057 1095 2096 concidit
1121 2059 1275 2095 tacitus.
1373 2078 1420 2083 ——
1445 2058 1502 2096 25.
1528 2059 1599 2096 cfr.
1625 2059 1646 2096 I
1673 2060 1753 2098 120.

413 2113 469 2150 26.
496 2113 552 2148 27.
580 2113 615 2150 Il
639 2113 731 2157 Brg.
759 2110 918 2149 seclude
945 2122 1016 2148 con
1044 2108 1058 2156 ὶΙ
1079 2109 1093 2155 Η
1121 2111 1250 2154 questi
1285 2110 1361 2149 (lue
1395 2112 1513 2149 versi.
1549 2112 1616 2150 Ma
1641 2111 1807 2151 s'anchc

320 2163 569 2205 contengono
595 2172 676 2197 una
703 2162 813 2197 certa
839 2160 998 2203 ingrata
1025 2158 1259 2203 ripetizione
1285 2158 1324 2195 di
1347 2160 1401 2202 17,
1428 2158 1450 2197 ὸ
1468 2159 1604 2198 chiaro
1623 2159 1694 2198 che
1712 2172 1807 2198 sono

319 2208 500 2252 aggiunti
527 2220 597 2253 per
628 2220 706 2245 non
743 2207 909 2243 lasciare
935 2205 1018 2242 solo
1045 2206 1072 2242 il
1099 2217 1135 2242 v.
1157 2206 1203 2242 25
1230 2209 1513 2252 contrapposto
1549 2207 1588 2244 al
1614 2206 1724 2245 detto
1751 2208 1807 2245 in-

321 2261 435 2293 torno
462 2255 539 2292 alle
566 2254 649 2292 sedi
675 2254 827 2298 ‹livine;
854 2266 874 2290 e
901 2254 1147 2290 richiamano
1176 2254 1218 2289 17
1245 2253 1328 2291 solo
1359 2255 1398 2291 in
1425 2255 1584 2293 istretta
1608 2254 1809 2293 relazione

321 2303 422 2347 cogli
450 2303 673 2340 Acherusia
701 2302 854 2347 templa,
880 2301 952 2338 che
978 2305 1155 2345 appunto
1191 2301 1221 2337 si
1258 2301 1580 2347 immaginavano
1611 2306 1806 2346 sotterra3

321 2364 341 2388 e
375 2362 416 2388 se
444 2350 475 2387 si
501 2350 657 2395 levano,
693 2350 818 2386 riesce
851 2360 929 2385 non
962 2348 1209 2385 abbastanza
1243 2350 1428 2387 naturale
1454 2362 1475 2387 e
1500 2350 1692 2388 motivato
1717 2349 1809 2387 l'at-

321 2402 433 2435 tacco
456 2398 519 2435 his
545 2398 604 2435 ibi
626 2409 684 2434 me
711 2397 837 2433 rebus.
936 2416 977 2420 —
997 2395 1057 2432 28.
1078 2396 1141 2432 his
1166 2395 1226 2432 ibi
1248 2409 1306 2434 me
1326 2397 1453 2435 rebus.
1479 2397 1571 2435 Mss.
1591 2396 1663 2435 ubi
1678 2396 1729 2435 da
1753 2409 1806 2434 un

320 2457 440 2490 pezzo
467 2449 619 2483 mutato
646 2445 686 2481 in
713 2444 780 2481 ibi.
807 2443 841 2480 Il
873 2443 1052 2487 Brioger,
1079 2455 1151 2480 con
1178 2443 1346 2486 qualche
1373 2444 1505 2482 antico
1532 2444 1698 2491 editore,
1724 2444 1809 2490 tibi,

321 2493 456 2530 dativo
483 2493 597 2530 etico.
624 2492 656 2529 Ε
682 2491 787 2528 forse
810 2491 862 2527 ha
883 2491 1059 2535 ragione,
1081 2490 1256 2528 sebbene
1283 2492 1397 2530 suoni
1414 2504 1468 2529 un
1486 2497 1547 2537 po'
1563 2495 1720 2530 sti-ano:
1747 2495 1763 2510 ¹⁴
1784 2503 1808 2528 a

321 2543 460 2585 queste
494 2539 726 2577 rivelazioni
762 2551 817 2575 un
850 2538 1008 2575 fremito
1045 2537 1085 2574 di
1110 2537 1265 2576 volutta
1299 2539 1350 2576 mi
1383 2539 1414 2577 ti
1439 2539 1583 2577 invade
1608 2566 1639 2584 ,,.
1664 2537 1726 2577 Ne
1752 2538 1812 2576 ibi

284 2591 286 2593 '
322 2586 503 2630 (anziche
538 2588 616 2631 hic)
653 2585 674 2623 ὸ
702 2586 764 2623 del
798 2588 903 2623 tutto
938 2584 1245 2630 ingiustificato:
1277 2599 1331 2624 un
1366 2599 1481 2625 senso
1514 2586 1553 2624 di
1587 2587 1809 2625 allontana-

321 2639 454 2672 mento
484 2634 517 2672 si
555 2633 672 2672 consa
702 2633 783 2670 alla
808 2645 980 2678 paurosa
1007 2633 1233 2671 immensita
1269 2633 1373 2673 dello
1409 2635 1639 2680 spettacolo.
1669 2653 1715 2660 —
1748 2645 1809 2672 vo-

325 2683 456 2728 luptas
475 2708 482 2716 .
499 2712 506 2719 .
521 2709 528 2716 .
546 2682 703 2720 horror.
723 2681 802 2718 Ofr.
821 2680 920 2718 Stat.
947 2680 1059 2717 Theb.
1086 2680 1106 2716 I
1123 2682 1203 2718 493.
1227 2682 1426 2733 laetusque
1440 2694 1516 2733 per
1533 2686 1650 2723 artics
1665 2681 1809 2722 horror

324 2732 384 2769 iit.
412 2749 455 2754 —·
479 2731 647 2780 percipit
673 2728 741 2766 cfr.
769 2741 805 2766 v.
831 2730 889 2766 80.
