1872 3002
299 128 383 179 138
709 130 795 179 DE
827 131 1057 180 RERUM
1088 131 1366 180 NATURA

326 225 462 284 longe
493 225 584 272 alio
618 229 749 284 pacto
781 226 979 284 gannitu
1011 226 1136 274 vocis
1168 225 1373 273 adulant.

328 294 372 337 et
404 306 505 337 cum
539 290 705 338 deserti
736 291 999 338 baubantur
1029 291 1079 338 in
1110 291 1314 349 aedibus,
1348 295 1428 338 aut
1459 307 1561 340 cum

209 373 298 409 1070
330 355 553 415 plorantis
585 355 772 414 fugiunt
804 356 1047 404 summisso
1079 371 1267 416 corpore
1302 356 1476 416 plagas.

328 422 522 481 denique
553 438 641 469 non
675 422 883 470 hinnitus
913 423 1025 471 item
1058 424 1242 471 differre
1272 423 1467 482 videtur,

328 489 449 535 inter
479 503 618 547 equas
650 488 730 534 ubi
761 504 904 548 equus
935 489 1116 537 florenti
1147 494 1298 536 aetate
1329 489 1550 538 iuvencus

331 553 565 613 pinnigeri
599 553 745 600 saevit
777 553 1035 602 calcaribus
1066 554 1185 602 ictus
1217 554 1400 607 amoris,

332 624 376 666 et
406 618 640 665 fremitum
674 618 843 677 patulis
875 619 955 666 ubi
987 620 1176 667 naribus
1208 619 1302 676 edit
1333 619 1392 666 ad
1424 635 1568 674 arma,

212 702 301 737 1075
333 689 380 731 et
409 700 513 731 cum
545 683 611 730 sic
642 683 756 731 alias
788 684 1018 732 concussis
1050 685 1228 732 artibus
1258 684 1446 732 hinnit?

334 755 560 810 postremo
590 765 736 807 genus
767 749 972 801 alituum>
993 751 1242 810 variaeque
1274 750 1494 808 volucres,

335 814 575 874 accipitres
606 820 742 874 atque
774 815 1029 874 ossifragae
1060 816 1296 875 mergique
1327 815 1520 862 marinis

335 881 549 928 fluctibus
580 880 628 927 in
661 880 780 928 salso
812 881 987 928 victum
1019 882 1254 942 vitamque
1286 886 1509 941 petentes,

336 948 471 1006 longe
503 946 618 993 alias
650 946 740 993 alio
771 947 946 994 iaciunt
976 948 1023 995 in
1057 953 1261 1008 tempore
1296 964 1440 1007 voces,

217 1032 305 1067 1080
336 1019 379 1060 et
411 1028 546 1072 quoin
581 1011 633 1058 de
667 1012 792 1059 victu
825 1018 1003 1061 certant
1036 1015 1319 1074 praedaeque
1350 1017 1632 1073 repugnant:

1866 1023 1872 1039 d

1852 1110 1872 1145 i

310 1166 463 1213 piccini,
479 1180 613 1206 morsu
627 1171 809 1214 petentes,
824 1180 976 1214 aprano
994 1168 1033 1206 la
1053 1169 1174 1207 bocca
1195 1168 1363 1208 facendo
1381 1170 1465 1207 atto
1484 1181 1507 1207 o
1526 1179 1636 1207 come
1652 1167 1800 1206 minac—
1852 1142 1872 1218 3³

310 1215 450 1253 ciando
469 1215 507 1252 di
527 1216 712 1253 morderli
731 1216 810 1253 alla
828 1215 888 1254 lor
907 1216 1028 1258 volta,
1048 1229 1112 1254 ma
1129 1216 1446 1255 effettivamente
1465 1216 1493 1254 li
1513 1215 1754 1262 addentano‚
1774 1227 1797 1254 ο
1868 1221 1872 1225 “

311 1263 503 1308 piuttosto
521 1263 548 1300 li
567 1263 807 1310 abboccano,
826 1276 944 1301 senza
959 1263 1054 1309 pero
1073 1264 1268 1310 stringere
1286 1264 1296 1301 i
1316 1264 1425 1302 denti
1438 1262 1525 1308 (che
1542 1262 1603 1302 oio
1619 1262 1800 1310 significa
1864 1266 1872 1298 ἶ

311 1312 512 1357 suspensis
538 1310 743 1357 den-tibus’,
776 1323 855 1349 non
882 1311 970 1356 gia:
1009 1311 1024 1327 “
1045 1311 1272 1350 mostrando
1308 1324 1372 1350 ma
1397 1310 1570 1350 tenendo
1595 1311 1759 1350 lontano
1785 1311 1799 1348 i
1863 1350 1867 1358 ζ

313 1357 422 1395 denti
442 1360 498 1404 „)3
524 1359 625 1396 onde
652 1364 800 1404 appare
827 1360 954 1397 anche
980 1360 1123 1405 meglio
1150 1360 1176 1397 il
1204 1359 1418 1398 bellissimo
1444 1360 1629 1398 haustus:
1655 1358 1694 1398 le
1715 1359 1800 1397 loro
1856 1382 1872 1397 ν.

313 1405 455 1451 grandi
476 1406 624 1444 bocche
645 1419 718 1452 par
740 1407 853 1451 quasi
875 1407 946 1444 che
973 1407 1077 1445 stian
1099 1420 1169 1453 per
1189 1407 1423 1452 inghiottire
1448 1407 1462 1444 i
1487 1406 1651 1454 piccini;
1677 1419 1699 1444 e
1719 1406 1803 1445 cosi

314 1454 441 1491 anche
459 1453 491 1490 si
509 1454 646 1499 spiega
666 1454 693 1491 il
716 1458 883 1493 teneros:
903 1456 914 1492 i
932 1455 1016 1492 loro
1034 1454 1176 1500 grandi
1195 1455 1323 1498 morsi,
1342 1467 1405 1492 ma
1423 1454 1531 1501 pieni
1543 1454 1585 1492 di
1600 1453 1802 1500 rigum-do,
1866 1459 1872 1487 ’ἑ

315 1504 492 1546 appunto
515 1501 659 1546 perche
678 1501 761 1539 dati
783 1515 902 1540 senza
922 1508 1046 1547 punto
1063 1506 1188 1549 punto
1210 1503 1418 1548 stringere.
1452 1502 1620 1540 Teneros
1637 1502 1803 1541 haustus
1835 1511 1837 1517 ⁴
1864 1506 1872 1542 ἒ

315 1550 347 1586 si
373 1554 644 1603 contrappone
671 1549 950 1594 doppiamente
972 1563 995 1588 a
1016 1563 1148 1589 morsu
1166 1555 1359 1597 petentem
1383 1549 1559 1595 ipiccini
1584 1549 1692 1589 nella
1717 1549 1802 1588 loro
1866 1579 1872 1596 ὲ

316 1596 490 1634 vivaclta
515 1597 679 1635 mordon
706 1597 892 1642 davvem,
919 1598 1092 1636 sebbene
1112 1599 1124 1635 i
1145 1598 1228 1636 loro
1246 1598 1387 1644 piccoli
1407 1597 1526 1636 morsi
1542 1597 1722 1636 riescano
1746 1596 1804 1635 in·
1869 1608 1872 1639 i

317 1645 451 1691 nocui3
477 1643 516 1681 la
542 1657 712 1682 mamma
745 1644 851 1690 finge
878 1647 991 1690 quasi
1026 1646 1064 1683 di
1090 1646 1340 1691 inghiottirli,
1375 1658 1438 1683 ma
1472 1657 1546 1684 con
1573 1657 1674 1690 gran
1706 1656 1802 1682 cura

317 1692 357 1729 di
379 1693 460 1730 non
493 1691 556 1729 far
589 1692 672 1730 loro
706 1693 821 1730 male.
865 1693 1035 1731 Teneros
1067 1692 1088 1731 ὲ
1121 1693 1344 1740 prolettico‚
1376 1691 1523 1739 perche
1557 1691 1580 1731 ὁ
1604 1691 1645 1731 la
1670 1703 1805 1731 conse·
1868 1714 1872 1716 -

318 1752 473 1784 guenza
512 1739 575 1777 del
613 1740 799 1785 semplice
838 1743 996 1778 imitari
1033 1743 1236 1788 suspensis
1272 1741 1465 1779 dentibus.
1500 1740 1535 1778 E
1567 1751 1648 1778 non
1687 1738 1804 1778 credo
1859 1774 1872 1791 .-

318 1787 456 1832 quindi
482 1788 706 1825 necessaria
732 1788 771 1825 la
798 1788 998 1826 emendaz.
1020 1801 1130 1826 veros
1148 1788 1186 1826 di
1203 1789 1296 1834 Brg.
1318 1807 1362 1814 --
1380 1789 1531 1833 Questa
1551 1786 1805 1832 descrizione,
1848 1810 1867 1817 1-

319 1835 382 1872 del
408 1837 526 1880 resto,
552 1848 622 1880 per
648 1835 886 1874 sentimento
914 1836 1004 1874 vivo
1032 1850 1053 1874 e
1079 1837 1285 1881 simpatico
1311 1835 1417 1874 della
1441 1837 1527 1874 vita
1553 1835 1726 1874 animale
1751 1834 1806 1872 ri-

319 1883 474 1921 chiama
500 1882 636 1921 l'altro
663 1883 876 1922 bellissimo
903 1884 1079 1929 episodio
1114 1884 1155 1921 Π
1187 1885 1354 1922 352-366.
1452 1902 1498 1910 -
1531 1882 1644 1921 1008.
1675 1881 1806 1925 Nonio

320 1931 399 1968 cita
426 1930 464 1967 di
491 1931 559 1975 qui
581 1933 767 1977 qannitu,
797 1932 978 1977 adulant,
1007 1931 1244 1978 baubantur,
1275 1930 1493 1977 spiegando
1527 1930 1600 1968 che
1631 1929 1728 1969 tutti
1763 1929 1804 1967 in
1845 1945 1848 1948 ’

321 1978 473 2023 origine
495 1978 728 2023 significano
746 1980 858 2017 suoni
879 1979 917 2016 di
940 1980 1039 2017 cani.
1127 1999 1169 2004 —
1188 1979 1299 2015 1069.
1320 1979 1556 2024 baubantur,
1581 1977 1668 2023 (cfr.
1688 1988 1807 2023 greco

321 2022 444 2072 βαΰζω.
471 2024 513 2063 G’
528 2025 549 2063 ὲ
577 2026 794 2064 differenza
820 2030 883 2064 tra
910 2027 1081 2065 baubari
1104 2039 1124 2065 e
1148 2027 1313 2072 latrare,
1341 2039 1362 2065 e
1379 2027 1447 2072 qui
1468 2026 1508 2064 la.
1528 2026 1563 2064 si
1578 2028 1704 2064 sente.
1729 2024 1808 2063 La-

322 2078 431 2111 trare
458 2072 478 2110 ὲ
505 2073 568 2111 dei
594 2074 782 2112 momenti
808 2074 846 2111 di
872 2074 1112 2112 irritazione.
1210 2094 1255 2100 —
1283 2075 1385 2113 1072.
1405 2076 1592 2112 iuvencus
1616 2072 1684 2116 (da
1701 2074 1804 2110 iuve-

321 2123 451 2163 nicus)
470 2126 620 2166 aggett.
635 2134 680 2154 =
695 2124 849 2160 iuvenis
860 2135 876 2169 ,·
896 2122 996 2160 Plin.
1013 2123 1053 2160 X
1073 2124 1140 2160 146
1157 2124 1342 2160 iuvencae
1355 2122 1544 2168 yallinae.
1562 2120 1706 2159 Munro
1724 2120 1804 2158 cita.
1870 2133 1872 2136 ·

323 2169 449 2207 anche
467 2168 563 2206 Hor.
583 2170 640 2207 od.
662 2170 703 2206 II
720 2171 742 2206 8
761 2174 796 2207 te
813 2172 898 2207 suis
915 2175 1061 2208 matres
1079 2174 1256 2207 metuunt
1273 2172 1458 2207 iuvencis.
1535 2187 1576 2193 —
1599 2168 1702 2206 1⁰73.
1720 2169 1810 2214 pin·
1846 2192 1853 2200 »

322 2219 475 2263 niyeri;
501 2217 571 2254 cfr.
592 2218 670 2255 736.
770 2237 815 2243 —
833 2218 991 2264 patulis
1017 2217 1087 2255 ubi
1110 2218 1290 2262 naribus,
1317 2229 1391 2255 con
1418 2217 1460 2254 11.
1478 2216 1523 2254 B.
1541 2215 1606 2262 M„
1625 2228 1698 2262 per
1718 2227 1808 2270 mss.

321 2265 474 2311 patulis
498 2264 568 2302 sub
595 2265 773 2310 naribus,
801 2277 874 2303 con
900 2265 973 2302 che
989 2265 1018 2302 il
1039 2277 1152 2303 verso
1179 2264 1494 2310 apparterrebbe
1525 2275 1674 2302 ancora
1700 2274 1724 2300 a
1750 2261 1810 2300 cib

325 2312 397 2349 che
423 2312 605 2357 precede,
632 2325 652 2350 e
680 2313 733 2350 ad
758 2325 874 2350 arma
900 2313 1068 2350 sarebbe
1088 2314 1141 2350 ad
1158 2325 1273 2350 arma
1299 2312 1462 2351 Veneris
1471 2325 1486 2358 ,·
1510 2309 1810 2358 ma‚malgrado
1870 2318 1872 2320 ’

326 2360 336 2396 i
364 2359 487 2397 dubbi
514 2359 577 2397 del
595 2359 737 2397 Munro
760 2363 796 2405 (e
824 2360 887 2398 del
907 2361 988 2405 Brg
1017 2360 1089 2398 che
1106 2360 1222 2405 legge
1240 2360 1330 2406 ibi),
1354 2360 1406 2397 ha
1425 2358 1589 2404 ragione
1606 2358 1634 2396 il
1650 2357 1811 2396 Lachm-

325 2407 397 2444 che
424 2407 491 2451 qui
517 2407 549 2444 si
575 2406 830 2453 distinguono
866 2413 926 2445 tre
961 2409 1064 2446 casi:
1103 2407 1262 2452 quando
1295 2408 1322 2445 il
1356 2407 1510 2445 cavallo
1535 2405 1557 2443 ὸ
1590 2405 1632 2444 in
1665 2416 1811 2449 amore,

326 2455 484 2499 quando
528 2453 548 2492 ὸ
590 2455 631 2492 in
676 2455 881 2501 battaglia,
923 2455 1080 2500 quando
1122 2455 1143 2493 ὲ
1181 2459 1420 2500 spaventato
1460 2454 1676 2500 (concussis
1713 2454 1812 2491 arti·

329 2501 432 2546 bus).
532 2522 570 2527 —
601 2502 708 2540 1075.
734 2506 802 2548 sie,
831 2505 849 2521 “
869 2503 960 2548 cosi,
986 2503 1197 2540 senz'altro
1213 2517 1253 2549 „3
1289 2514 1397 2540 come
1422 2514 1460 2548 p.
1482 2514 1548 2550 ει,
1576 2502 1590 2517 “
1608 2501 1642 2539 Ε
1666 2499 1748 2539 cosi
1772 2505 1812 2537 te

327 2562 376 2587 ne
403 2550 495 2588 vai?
512 2579 527 2595 „
554 2563 574 2587 e
600 2550 668 2588 lat.
690 2551 871 2589 mirabar
889 2551 958 2589 hoe
978 2553 1017 2588 si
1031 2553 1088 2588 sic
1109 2551 1237 2588 abiret
1261 2549 1275 2565 ‘⁴
1294 2550 1347 2588 mi
1365 2549 1540 2588 avrebbe
1561 2548 1667 2586 satta
1688 2558 1812 2586 mera-

326 2597 452 2642 viglia
473 2598 546 2636 che
564 2598 602 2635 la
621 2610 712 2636 cosa
730 2597 865 2636 finisse
883 2598 924 2635 in
943 2598 1055 2636 nulla
1069 2625 1099 2645 „.
1118 2598 1195 2643 Qui
1214 2596 1235 2635 ὲ
1257 2598 1346 2636 fuso
1368 2609 1442 2636 con
1464 2597 1570 2634 azias
1590 2596 1679 2640 (cfr.
1699 2606 1813 2641 saepe

330 2645 462 2690 alias).
493 2646 508 2661 “
525 2646 558 2684 O
580 2645 752 2692 quando,
779 2658 888 2684 come
914 2646 1082 2684 succede
1102 2675 1118 2692 „
1131 2675 1140 2683 .
1215 2665 1258 2671 —
1278 2645 1381 2681 1078.
1399 2647 1443 2683 in
1461 2644 1587 2691 salso;
1605 2654 1766 2698 osserva
1785 2640 1815 2679 il
1862 2647 1866 2672 '-

329 2693 471 2731 Munro
490 2693 562 2731 che
585 2694 652 2739 qui
677 2693 761 2732 solo
782 2694 835 2731 ha
857 2697 1014 2732 trovato
1041 2695 1181 2739 questo
1204 2706 1293 2739 agg.
1317 2695 1432 2731 usato
1458 2704 1567 2730 come
1593 2693 1814 2745 sostantiyo
1868 2692 1872 2731 ³.

329 2740 370 2777 in
390 2753 504 2779 senso
523 2741 563 2779 di
581 2753 700 2780 mare.
797 2761 843 2768 —-
861 2742 965 2779 1077.
984 2741 1186 2788 ossifraya
1211 2741 1262 2779 od
1280 2739 1514 2787 ossifrauus,
1531 2743 1636 2784 sost„
1653 2736 1816 2783 l‘aqmla
