1872 3002
325 144 409 190 192
735 143 821 190 DE
851 143 1085 192 RERUM
1115 118 1392 189 NATURA
1864 161 1868 178 2

255 250 321 287 130
352 253 434 284 nec
466 237 648 291 mirum,
682 253 785 285 cum
817 238 953 296 plena
974 238 1155 285 animae
1186 235 1422 284 vensicula
1453 252 1598 296 parva

353 318 486 361 saepe
516 302 583 350 ita
615 303 694 350 dat
719 318 943 361 magnum
975 303 1176 352 sonitum
1211 301 1412 360 displosa
1442 307 1640 362 repente.

410 368 494 414 Est
526 366 666 414 etiam
697 366 830 424 tario,
865 383 969 415 cum
1000 368 1128 416 venti
1158 366 1319 414 nubila
1351 366 1559 426 perflant,

353 431 403 474 ut
435 427 613 474 sonibus
644 426 836 474 faciant:
867 427 1036 475 etenim
1068 442 1252 475 ramosa
1283 426 1495 474 videmus

353 491 513 538 nubila
545 507 679 551 saepe
713 492 859 539 modis
891 492 1049 540 multis
1082 497 1221 552 atque
1252 507 1415 551 aspera
1446 490 1584 550 ferri;

256 573 321 610 135
353 557 540 615 scilicet,
576 562 638 615 ut,
674 557 881 605 crebram
915 558 1081 607 silvam
1113 574 1217 605 cum
1248 556 1438 605 flamina
1468 557 1598 605 cauri

354 622 562 682 perflant,
595 623 706 670 dant
739 623 940 670 sonitum
972 623 1156 671 frondes
1189 622 1397 682 ramique
1425 623 1670 682 fragorem.

353 689 404 737 fit
436 704 615 748 quoque
647 693 699 737 ut
729 689 961 737 interdum
995 689 1141 738 validi
1173 688 1242 736 vis
1274 688 1417 736 incita
1449 689 1576 739 venti

323 886 480 930 poema)
506 881 664 921 citando
691 894 771 920 una
796 880 935 927 parola
962 882 1042 920 cosi
1066 882 1241 927 spiccata
1266 881 1367 920 d'un
1392 881 1537 936 antico,
1561 894 1641 922 non
1666 886 1811 930 poteva

324 950 402 976 non
428 936 641 976 ricordarsi
667 935 740 974 che
764 935 922 973 l’aveva
948 937 1064 973 usata
1091 935 1218 974 anche
1244 936 1447 975 Lucrezio.
1472 936 1505 975 E
1531 948 1603 982 per
1627 937 1730 976 altro
1760 937 1811 976 da
1870 968 1872 970 .

323 985 525 1023 ricordare
551 984 624 1022 che
650 983 841 1022 Cicerone
868 995 946 1021 non
973 983 1052 1021 cita
1079 984 1157 1021 mai
1182 983 1290 1028 poeti
1316 984 1648 1029 contemporanei,
1683 985 1810 1024 anche

324 1033 452 1071 morti.
549 1052 595 1058 --
623 1031 704 1069 131.
731 1032 822 1069 Mss.
849 1043 961 1077 saepe
987 1032 1046 1068 ita
1072 1032 1142 1069 dat
1171 1043 1348 1078 parvum,
1387 1031 1427 1070 Si
1462 1032 1618 1078 capiaco
1648 1043 1758 1072 come
1782 1033 1810 1070 il

322 1093 449 1128 parva
475 1079 539 1118 del
564 1092 599 1117 v.
626 1079 782 1124 preced.
809 1091 1046 1124 provocasse
1073 1079 1141 1124 qui
1166 1079 1330 1118 l'errore
1354 1091 1545 1126 parvum,·
1579 1091 1644 1118 ma
1669 1083 1811 1126 questa
1868 1111 1870 1114 ,

324 1132 451 1167 stessa
477 1127 730 1173 spiegazione
757 1126 984 1164 dell'errore
1010 1126 1136 1164 riesce
1164 1129 1276 1165 tanto
1308 1126 1377 1172 piu
1401 1126 1587 1166 naturale
1620 1139 1643 1166 6
1666 1128 1810 1174 proba-

324 1176 404 1214 bile
431 1189 471 1214 se
498 1176 536 1212 la
563 1175 702 1220 pai-ola
727 1175 860 1220 giusta
886 1186 956 1212 era
980 1186 1176 1220 maynum.
1214 1175 1247 1212 Ε
1272 1174 1436 1219 Isidoro,
1475 1174 1745 1214 continuando
1769 1176 1811 1213 in

324 1224 458 1270 quella
484 1235 556 1261 sua
582 1222 782 1268 parafrasi
807 1221 846 1259 di
873 1224 1012 1267 questo
1038 1234 1167 1268 passo,
1193 1222 1299 1261 dice:
1321 1223 1423 1269 quod
1446 1224 1597 1260 mirari
1619 1225 1709 1270 quis
1732 1235 1812 1262 non

324 1272 472 1319 debeat,
498 1283 583 1308 cum
602 1271 774 1308 vesicula
799 1272 978 1317 quamvis
1001 1282 1128 1315 parva
1151 1282 1338 1316 magstrum
1364 1274 1493 1308 tamen
1526 1272 1700 1309 sonitum
1733 1271 1812 1309 dis-

321 1320 435 1366 plosa
461 1321 623 1357 emittat.
649 1317 796 1362 Quindi
821 1316 887 1362 gia
905 1317 956 1354 Is.
976 1317 1093 1354 WVoss
1113 1330 1134 1355 e
1152 1317 1314 1355 Wakef.
1331 1317 1530 1364 mammam,
1554 1316 1624 1356 Cib
1643 1318 1715 1356 che
1731 1330 1811 1357 non

324 1368 481 1412 capisco
508 1365 528 1403 e
555 1366 593 1404 lo
620 1365 845 1403 sbizzarirsi
871 1364 934 1402 dei
961 1364 1087 1402 critici
1114 1365 1154 1402 in
1179 1365 1300 1403 molte
1335 1365 1438 1403 altre
1471 1369 1717 1411 congestum,
1748 1365 1812 1404 chi

324 1416 488 1459 clarum,
515 1414 578 1451 chi
606 1417 776 1451 taetrum
802 1413 978 1459 (sohte),
1011 1413 1074 1450 chi
1101 1416 1251 1450 torvum
1286 1413 1456 1459 (Munro,
1486 1413 1618 1460 Br-g.);
1651 1413 1810 1452 Lachm.

324 1475 437 1509 saepe
475 1463 538 1499 det
575 1461 673 1498 haut
705 1473 886 1508 parvum,
918 1460 1037 1498 Bern.
1076 1472 1205 1499 noenu
1234 1462 1292 1498 ita
1318 1461 1381 1498 det
1403 1473 1594 1507 varmum
1627 1461 1807 1499 Diintzer

326 1513 477 1549 enzittat
502 1521 698 1555 magynum,
726 1509 766 1545 111
792 1507 882 1546 0(110
908 1508 947 1545 al
973 1520 1097 1554 saepe,
1124 1508 1208 1553 che,
1235 1521 1258 1545 a
1285 1511 1401 1554 torto,
1439 1507 1526 1546 dice
1558 1508 1627 1554 qui
1651 1520 1812 1547 sconve·

324 1559 471 1596 niente.
503 1578 540 1583 -
570 1557 649 1593 cfr.
675 1556 772 1594 Hor.
798 1559 872 1593 sat.
898 1556 917 1592 I
943 1558 965 1593 8
990 1557 1037 1592 46
1063 1568 1156 1592 nam
1181 1557 1358 1602 displosa
1391 1560 1507 1594 sonat
1538 1559 1731 1602 quantum
1755 1569 1812 1594 ve·

324 1608 408 1643 sica
430 1605 578 1652 pepedi.
604 1604 639 1641 Il
666 1615 778 1648 cong.
798 1604 871 1649 det,
898 1615 967 1648 per
994 1604 1063 1640 dat
1087 1616 1177 1640 mss.
1203 1603 1359 1649 Munro,
1384 1615 1457 1648 par
1483 1604 1551 1648 qui
1575 1605 1811 1642 necessario.

324 1652 595 1691 L’indicativo
633 1663 711 1689 non
749 1650 770 1688 e
808 1654 934 1696 punto
972 1650 1098 1688 difeso
1125 1650 1176 1688 da
1200 1652 1340 1688 haurit
1367 1652 1446 1696 141,
1481 1662 1503 1688 6
1535 1651 1613 1690 11611
1637 1663 1736 1697 poco
1761 1650 1811 1690 da

325 1700 472 1745 osempi
499 1711 628 1738 come:
655 1699 751 1745 quid
777 1699 930 1736 domini
953 1698 1122 1745 faciant,
1149 1699 1297 1736 audem
1321 1711 1407 1736 cum
1434 1699 1536 1736 talia
1582 1711 1684 1738 ures.

418 1748 594 1785 132-159.
612 1747 726 1784 Altre
746 1759 863 1784 cause
884 1759 904 1784 e
923 1746 1165 1791 spiegazioni
1184 1745 1248 1784 del
1265 1749 1398 1784 tuono.
1473 1766 1515 1772 —-
1531 1746 1548 1781 1
1579 1746 1704 1785 2-136.
1721 1746 1812 1784 Non

325 1796 492 1841 bisogna
519 1795 777 1832 dimenticare
812 1794 884 1831 che
921 1806 992 1839 per
1021 1793 1263 1832 Lucreziole
1295 1793 1394 1832 nubi
1423 1805 1503 1833 non
1530 1805 1627 1832 sono
1662 1805 1810 1840 vapore

323 1856 475 1889 acqueo
493 1843 712 1880 addensato
729 1840 932 1887 (ofr.207);
952 1853 1118 1886 possono
1136 1841 1262 1879 anche
1281 1843 1505 1887 contenere,
1523 1853 1544 1878 e
1563 1842 1810 1888 coutengono

324 1892 364 1929 in
387 1891 536 1937 effetto,
556 1890 682 1928 anche
703 1891 854 1927 semina
876 1891 1010 1935 aquai,
1028 1901 1091 1926 ma
1112 1901 1208 1927 sono
1229 1889 1337 1934 corpi
1355 1888 1470 1927 solidi
1483 1889 1716 1928 —sebbene
1732 1901 1810 1928 non

326 1942 436 1977 tanto
462 1941 612 1983 quanto
641 1937 793 1983 lapides
819 1941 888 1974 aut
916 1938 1038 1983 liqna,
1064 1936 1154 1973 'anzi
1178 1937 1371 1982 piuttosto
1398 1936 1523 1975 d'una
1547 1935 1705 1975 solidita
1729 1941 1808 1974 mo-

326 1987 415 2033 bile,
441 1986 709 2030 ondeggiante
735 1984 805 2022 cfr.
822 1986 888 2021 142
909 1984 1040 2022 —che
1065 1983 1098 2021 si
1120 1983 1275 2022 forman
1300 1984 1364 2022 dal
1387 1983 1576 2022 confluite
1595 1983 1634 2022 di
1659 1985 1811 2023 semina

324 2034 454 2079 d'ogni
481 2045 628 2078 genere
654 2033 739 2076 (451
767 2034 879 2078 sgg.).
919 2031 994 2076 Qui
1021 2031 1181 2076 dunque
1219 2032 1326 2070 dice:
1363 2031 1493 2070 talora
1530 2031 1568 2070 lc
1605 2031 1704 2070 nubi
1740 2043 1811 2070 son

324 2081 575 2126 frastagliate
602 2081 779 2126 (aspera)
807 2093 828 2118 e
854 2078 1073 2117 ramificate
1106 2092 1127 2116 e
1160 2079 1459 2124 frondeggianti
1486 2082 1515 2117 'a
1547 2080 1663 2124 guina
1691 2078 1732 2116 di
1757 2079 1810 2116 al·

324 2129 429 2174 beri3
456 2128 603 2174 oppeto
629 2139 737 2166 come
763 2127 814 2165 da
841 2139 965 2165 suono
1002 2139 1080 2164 una
1113 2127 1236 2173 selva,
1262 2139 1284 2165 e
1316 2127 1447 2165 talora
1480 2126 1606 2164 anche
1631 2126 1683 2166 da
1707 2126 1810 2172 colpi

324 2190 394 2222 per
419 2177 457 2214 lo
483 2174 723 2214 schiantarsi
748 2175 788 2212 di
814 2175 926 2221 rami,
958 2187 1000 2212 se
1032 2187 1085 2211 un
1113 2174 1216 2212 forte
1250 2177 1370 2212 vento
1402 2173 1514 2212 soffia
1547 2176 1772 2212 atti-averso
1799 2175 1809 2211 i

323 2225 422 2262 rami
450 2237 470 2261 6
488 2224 525 2262 16
543 2223 683 2261 fronde
709 2222 893 2270 (perflat),
912 2222 1003 2267 cosi,
1024 2222 1127 2259 nelle
1145 2226 1269 2260 stesse
1288 2221 1520 2267 condizioni,
1537 2221 1668 2260 danno
1685 2233 1809 2260 suono
1824 2244 1827 2248 ·

323 2272 360 2310 le
388 2271 495 2309 nubi.
597 2291 634 2296 -
666 2271 746 2311 132.
775 2273 881 2308 ratio
907 2269 1104 2314 ondeggia
1131 2269 1200 2314 qui
1224 2272 1288 2307 tra
1314 2269 1342 2306 il
1362 2281 1477 2307 senso
1503 2268 1543 2307 di
1571 2270 1590 2288 “
1608 2268 1723 2308 modo
1740 2296 1760 2313 „
1787 2280 1809 2307 e

324 2322 344 2339 “
365 2319 616 2364 spiegazione
633 2333 669 2364 „3
697 2331 718 2356 o
745 2319 936 2363 piuttosto
961 2317 989 2354 li
1015 2316 1252 2362 comprende
1279 2315 1487 2354 ambedue.
1513 2316 1628 2355 Circa
1653 2316 1693 2355 la
1717 2329 1810 2354 rara

325 2367 573 2405 costruzionc
601 2370 655 2403 est
680 2368 787 2403 ratio
813 2369 857 2403 ut
882 2365 951 2403 cfr.
974 2366 1043 2402 639
1070 2364 1188 2402 Nunc
1211 2366 1320 2402 ratio
1352 2377 1450 2412 quae
1484 2366 1539 2402 sit
1563 2376 1638 2419 per
1673 2363 1811 2410 fauces

324 2416 467 2453 montis
499 2418 542 2452 ut
575 2415 727 2451 Aetnae
762 2414 960 2459 Expirent
993 2415 1114 2459 imzes.
1211 2432 1258 2438 —-
1291 2412 1373 2449 133.
1405 2423 1515 2457 sogg.
1541 2410 1581 2449 ἂι
1606 2410 1763 2458 faciant
1788 2410 1808 2449 6

324 2462 475 2507 nubila,
513 2473 592 2499 non
625 2463 740 2498 venti.
838 2479 882 2486 —·
921 2460 1008 2497 136.
1045 2461 1155 2498 rami
1190 2461 1288 2498 dant
1323 2459 1525 2506 fraqorem
1565 2457 1616 2496 “i
1649 2459 1751 2497 rami
1776 2459 1808 2497 si

324 2510 558 2547 schiantano
580 2538 595 2554 „
610 2538 619 2553 ,
644 2509 938 2546 natur-alniente
965 2520 1039 2545 con
1060 2508 1230 2552 fragore.
1327 2527 1373 2532 —
1387 2505 1556 2543 137-141.
1577 2505 1658 2545 cfr.
1679 2518 1808 2552 sopra,

324 2570 347 2594 a
373 2558 518 2600 96-159,
544 2557 583 2593 la
609 2556 753 2593 lettera
780 2569 803 2593 a
824 2555 987 2593 Pitoclc.
1013 2555 1048 2592 11
1071 2555 1322 2601 per-scindere
1342 2553 1480 2592 nubem
1505 2553 1717 2591 l'abbiamo
1742 2552 1809 2598 gia
1866 2579 1868 2582 v

323 2609 456 2650 avuto,
486 2605 571 2648 1293
598 2616 661 2641 ma
688 2604 755 2648 qui
781 2603 809 2641 il
834 2602 948 2641 modo
975 2602 996 2640 e
1022 2602 1178 2640 diverso
1217 2601 1492 2648 (perfrinqens
1517 2603 1654 2648 impete
1679 2603 1807 2646 recto),

322 2664 342 2689 e
362 2651 517 2689 diverso
538 2651 565 2688 il
587 2663 722 2689 suono.
820 2671 863 2677 —-
878 2653 1014 2697 impete
1033 2654 1134 2688 recto
1155 2652 1169 2668 ‘⁴
1188 2649 1285 2687 d'un
1306 2649 1419 2695 colpo
1439 2650 1551 2686 netto
1572 2676 1608 2694 „,
1626 2653 1807 2693 eontrap·

323 2704 436 2744 posto
463 2699 501 2735 al
524 2699 708 2783 ρεΉξΙανε.
734 2698 773 2736 Si
799 2698 883 2736 noti
909 2699 981 2736 che
1002 2698 1043 2735 in
1065 2699 1205 2742 questa
1230 2699 1344 2742 parte
1369 2695 1434 2734 del
1459 2707 1600 2741 poema
1615 2695 1807 2734 Lucrezio
1850 2700 1859 2740 W,

607 2759 618 2783 1

323 2747 374 2784 ha
401 2758 482 2784 una
507 2758 577 2791 pre
624 2746 774 2784 lezione
808 2758 877 2791 per
902 2745 942 2783 la
968 2745 1106 2791 parola
1132 2747 1268 2792 impete
1293 2743 1807 2789 (186239153274284327.
1858 2751 1872 2818 *ἱ

1848 2933 1872 2983 3

1830 2985 1872 3002 ,j
