1872 3002
320 125 377 171 58
730 124 816 171 DE
847 123 1079 171 RERUM
1110 85 1387 172 NATURA

249 498 319 534 490

349 220 398 266 in
430 219 578 266 medio
610 223 660 265 ut
694 219 909 278 propulsa
940 235 1022 266 suo
1055 219 1284 267 condensa
1315 219 1470 276 coiret,

349 291 444 332 tam
479 284 627 343 magis
659 300 901 343 expressus
934 284 1081 332 salsus
1114 284 1168 331 de
1201 300 1387 344 corpore
1418 284 1556 332 sudor

349 351 551 409 augebat
583 365 708 396 mare
741 349 973 396 manando
1005 365 1280 409 camposque
1312 349 1543 407 natantis;

349 420 393 462 et
424 418 554 462 tanto
586 413 735 472 magis
767 413 1003 461 illa'foras
1035 413 1190 473 elapsa
1222 414 1441 462 volabant

351 495 541 539 corpora
571 478 719 525 multa
750 479 936 538 vaporis
968 483 1012 526 et
1044 479 1175 536 aeris,
1209 479 1394 539 altaque
1427 480 1541 528 caeli

351 545 600 592 densebant
631 543 789 602 procul
821 559 848 590 a
879 544 1014 591 terris
1046 544 1275 602 fulgentia
1305 545 1476 604 templa
1487 562 1498 599 ς

281 634 284 639 ·
351 610 559 658 sidebant
592 609 757 668 campi,
791 609 1055 657 crescebant
1088 609 1322 656 montibus
1355 609 1464 656 altis

252 825 321 862 495

352 691 583 723 ascensus:
617 690 762 733 neque
795 674 916 720 enim
950 678 1163 733 poterant
1196 674 1430 722 subsidere
1462 690 1577 722 saxa

352 757 436 787 nco
468 739 640 799 pariter
671 739 941 786 tantundem
977 755 1135 786 omnes
1167 739 1462 787 succumbere
1494 739 1663 799 partis„

412 805 487 852 Sic
519 804 665 863 igitur
698 808 849 851 terrae
882 809 1094 851 concreto
1128 820 1316 863 corpore
1347 804 1525 864 pondus

355 869 572 927 constitit,
606 873 743 928 atque
775 869 923 916 omnis
956 869 1284 928 mundi-quasi
1314 869 1454 917 limus
1485 869 1534 916 in
1565 869 1711 916 imum

355 935 575 983 confluxit
607 934 765 993 gravis
796 939 839 981 et
872 934 1077 981 subsedit
1111 934 1320 982 funditus
1353 939 1404 982 ut
1435 935 1568 993 faex;

326 1107 410 1146 cioe
437 1111 500 1146 tra
525 1108 562 1146 le
584 1111 723 1146 cateno
751 1107 790 1144 di
816 1106 952 1153 monti,
975 1106 1047 1145 che
1068 1119 1237 1152 sorgono
1258 1107 1328 1152 9111
1349 1106 1433 1145 alti.
1523 1125 1564 1132 --
1583 1105 1666 1143 487.
1682 1105 1814 1145 salsus

326 1156 447 1193 sudor
454 1169 470 1203 ,·
501 1155 572 1193 cfr.
598 1156 697 1193 Aen.
720 1156 760 1192 ΙΙ
783 1156 862 1192 173.
885 1155 1027 1192 Munro
1054 1155 1133 1192 cita
1154 1155 1260 1192 Plut.
1276 1155 1381 1201 plac.
1400 1154 1499 1201 phil.
1524 1154 1587 1192 III
1609 1156 1653 1192 16
1678 1151 1812 1203 Ἑμπε·

327 1202 455 1250 δοκλῇς
479 1203 614 1252 ἱδρῶτα
640 1202 702 1250 τῆς
727 1201 794 1250 γῆς
820 1201 1061 1250 ἐκκαιομένης
1085 1197 1156 1239 ὑπὸ
1183 1202 1247 1238 τοῦ
1282 1198 1384 1250 ἡλίου
1418 1197 1478 1237 διὰ
1503 1202 1571 1250 τήν
1598 1198 1814 1238 ἐπιπι’λαιον

326 1256 475 1302 πίλησιν
497 1254 608 1299 (εἶναι
630 1251 695 1302 τὴν
716 1253 927 1290 edanum:
1008 1274 1054 1279 —
1072 1254 1158 1290 488.
1181 1267 1408 1302 camposque
1428 1258 1613 1292 natantes
1621 1267 1636 1301 ;
1657 1255 1677 1274 “
1695 1257 1812 1293 torna

326 1303 385 1340 VI
402 1303 472 1340 405
491 1316 512 1341 e
532 1304 642 1346 11423
664 1304 734 1340 268
752 1314 980 1349 camposque
1000 1306 1152 1340 natare.
1178 1303 1286 1348 Virg.
1305 1303 1420 1341 Geor.
1441 1302 1504 1339 III
1526 1303 1594 1339 198
1612 1304 1813 1350 campique

327 1355 538 1397 natantes;
571 1351 670 1388 Aen.
697 1350 755 1387 VI
781 1351 851 1386 724
887 1362 1114 1396 camposque
1142 1350 1354 1397 liquentes;
1386 1350 1486 1387 Enn.
1517 1350 1654 1388 annal.
1691 1351 1762 1388 584
1791 1362 1814 1387 e

326 1398 463 1435 Manil.
489 1399 508 1435 1
530 1399 609 1443 155,
636 1399 677 1435 in
702 1409 834 1435 mezzo
864 1397 904 1434 di
932 1409 1013 1434 una
1051 1400 1175 1442 lunga
1200 1398 1428 1436 imitazione
1461 1396 1500 1434 di
1525 1399 1668 1443 questa
1698 1399 1815 1443 parte

327 1445 366 1482 di
399 1446 603 1491 Lucrezio,
628 1446 843 1492 fluctusque
870 1449 1054 1482 natantes
1074 1474 1104 1491 „.
1126 1446 1282 1484 Munro.
1308 1445 1388 1483 Ofr.
1415 1444 1542 1482 anche
1568 1443 1685 1482 Varr.
1702 1444 1814 1482 Mar-

328 1495 460 1539 cipor:
484 1493 699 1540 Propontis
718 1494 829 1530 unda
856 1505 973 1539 quam
997 1493 1167 1539 liquenti
1186 1494 1348 1531 caerula
1373 1496 1576 1530 natantem
1594 1491 1816 1540 perfundit.

327 1541 404 1578 Del
424 1545 542 1586 resto,
564 1545 708 1578 natare
733 1553 803 1585 per
832 1539 847 1556 ‘⁴
865 1539 1107 1585 ondeggiare
1124 1570 1140 1586 „
1169 1539 1191 1578 ὸ
1217 1540 1327 1578 (10110
1354 1540 1393 1577 di
1418 1539 1540 1586 fiumi‚
1561 1539 1599 1577 di
1621 1539 1751 1582 biade,
1777 1539 1816 1576 di

327 1588 440 1634 abiti,
458 1588 522 1626 del
543 1588 658 1633 piede
680 1589 786 1626 nella
807 1599 948 1632 searpa
968 1589 1094 1632 larga,
1113 1600 1135 1626 e
1155 1588 1309 1633 perfino
1327 1587 1666 1633 dell’ondeggiare
1682 1586 1816 1627 dell’a-

327 1635 445 1673 nimo.
518 1656 564 1661 —
575 1635 662 1673 492.
682 1633 820 1674 Sicche
834 1635 962 1680 prima
980 1635 1019 1672 di
1036 1635 1307 1680 quest‘ultima
1322 1635 1613 1681 compressione
1627 1635 1668 1673 la.
1680 1647 1829 1680 super-·

327 1683 416 1721 ficie
432 1683 604 1721 asciutta
618 1695 688 1721 era
704 1681 916 1728 pressoche
934 1682 1065 1727 piana.
1123 1703 1171 1711 —
1184 1683 1377 1729 sidebant,
1394 1684 1453 1720 sia
1470 1694 1541 1728 per
1559 1694 1614 1720 un
1627 1682 1815 1728 generale

328 1731 634 1769 abbassamento
653 1732 741 1776 (per
761 1731 899 1769 effetto
926 1730 990 1768 dei
1011 1731 1150 1768 erebra
1170 1731 1333 1769 verbera
1353 1730 1549 1774 dall’alto)
1567 1730 1627 1768 sia
1647 1730 1814 1775 rispetto

329 1778 366 1816 ai
388 1780 513 1816 monti
534 1779 723 1824 sorgenti.
825 1798 863 1804 —
889 1776 972 1813 493.
997 1778 1017 1814 Ι
1043 1790 1156 1825 sacca,
1181 1791 1262 1816 non
1287 1777 1459 1824 potendo
1485 1789 1557 1823 per
1580 1777 1621 1816 la
1645 1776 1817 1816 durezza

329 1825 378 1863 ne
403 1826 648 1871 ristringersi
669 1825 719 1864 ne
739 1825 949 1871 ripiegarsi
975 1828 1079 1863 sotto
1105 1826 1144 1863 la
1165 1825 1354 1872 generale
1379 1836 1578 1872 pressura,
1601 1827 1818 1863 restavano

329 1885 438 1911 come
464 1874 636 1919 premuti
661 1873 777 1911 fuori.
874 1893 917 1898 —
943 1871 1028 1911 494.
1051 1876 1208 1920 pariter
1235 1874 1489 1918 tantundem,-
1513 1871 1659 1910 abund.
1685 1872 1783 1913 lucr..

425 1921 605 1959 495-508.
633 1923 652 1940 “
673 1920 962 1959 Riassumendo
988 1920 1170 1966 dunque:
1208 1922 1246 1959 la
1277 1924 1387 1959 terra
1412 1921 1580 1966 giaeque
1609 1920 1671 1958 sul
1695 1919 1815 1958 fondo

329 1981 351 2008 e
377 1972 510 2015 stette,
542 1969 584 2007 in
617 1972 767 2014 quanto
801 1969 886 2014 che,
921 1980 1029 2006 come
1055 1969 1088 2005 si
1115 1968 1296 2014 deposita
1322 1968 1350 2006 il
1386 1967 1480 2006 limo
1509 1979 1670 2013 sospeso
1695 1967 1736 2005 in
1761 1979 1816 2005 un

328 2017 493 2064 liquido,
524 2019 607 2055 cosi
634 2017 660 2054 il
686 2017 792 2060 limo,
818 2015 902 2054 cioe
944 2016 984 2053 la
1010 2017 1177 2054 materia
1203 2016 1272 2062 piu
1297 2015 1543 2062 grossolana‚
1576 2014 1617 2053 di
1648 2017 1753 2053 tutto
1787 2014 1816 2052 il

329 2065 472 2103 mondo
506 2065 539 2102 si
571 2063 750 2109 deposito
784 2075 805 2101 e
831 2063 1029 2102 condenso
1063 2064 1271 2110 (confluam
1301 2075 1323 2101 e
1358 2067 1535 2102 concreto
1570 2063 1743 2110 corpore)
1777 2062 1817 2100 al

330 2113 468 2158 fondo;
501 2112 555 2157 gli
576 2112 671 2149 altri
704 2111 903 2158 elementi,
933 2111 972 2148 di
1004 2112 1293 2156 composizione
1317 2111 1386 2156 piu
1411 2110 1492 2148 fina
1518 2122 1540 2148 e
1565 2112 1816 2156 trasparente

331 2160 518 2207 (liquidis
555 2159 812 2206 corporibus),
837 2162 1020 2196 restaron
1057 2159 1147 2204 puri
1173 2158 1212 2196 di
1239 2158 1489 2196 mescolanza
1521 2157 1624 2196 colla
1659 2160 1768 2196 terra
1794 2169 1816 2195 0

331 2207 508 2252 separati
529 2206 580 2244 da
601 2219 689 2245 essa
709 2208 746 2251 (e
767 2210 830 2244 tra
855 2207 964 2251 loro),
987 2218 1008 2244 e
1029 2206 1109 2244 alla
1132 2208 1241 2244 terra
1262 2205 1296 2243 si
1315 2217 1622 2251 sovrapposem:
1647 2205 1816 2250 ramma,

330 2255 355 2292 l’
369 2256 467 2301 aria,
489 2267 509 2292 e
530 2254 651 2292 infine
672 2257 784 2301 (ipse)
804 2254 954 2300 l‘etere,
974 2254 1015 2291 in
1033 2253 1171 2292 ordine
1189 2253 1229 2290 di
1248 2253 1492 2299 leggerezza.
1513 2252 1685 2299 Uetere,
1699 2252 1728 2290 il
1746 2252 1817 2298 pio

330 2315 431 2347 puro
457 2315 478 2340 0
505 2302 532 2339 11
558 2302 626 2347 piu
653 2303 734 2340 alto
761 2302 800 2339 di
820 2303 926 2346 tutti,
951 2301 1038 2347 gira
1064 2301 1124 2339 001
1157 2313 1228 2339 suo
1254 2307 1360 2339 moto
1393 2299 1620 2346 tranquillo,
1645 2304 1818 2345 traspor-

330 2350 452 2387 tando
485 2349 523 2387 10
556 2350 682 2394 stelle,
717 2349 948 2388 insensibile
980 2348 1058 2386 alle
1084 2348 1259 2386 violente
1284 2348 1584 2394 perturbazioni
1609 2347 1714 2386 della
1739 2349 1818 2386 sot-

331 2400 508 2435 tostante
529 2397 691 2442 regione
716 2409 847 2435 aerea.
865 2423 884 2441 „
912 2396 965 2434 Al
985 2396 1186 2434 riassunto
1208 2398 1408 2442 aggiunge
1433 2408 1488 2434 un
1513 2398 1639 2441 punto
1663 2406 1816 2437 nuovo:

331 2443 461 2483 sicehe
487 2456 605 2490 passa
631 2444 946 2482 effettivamente
971 2443 1052 2482 alla
1077 2443 1249 2482 seconda
1274 2447 1389 2488 parte
1415 2443 1455 2480 di
1481 2445 1622 2488 questa
1646 2442 1816 2487 sezione‚

332 2491 416 2530 cioe
434 2492 514 2529 alla
531 2491 783 2538 spiegazione
802 2491 920 2529 d’una
934 2491 1036 2529 serie
1050 2491 1090 2528 di
1105 2491 1302 2529 fenomeni
1318 2490 1467 2529 celesti.
1539 2510 1584 2515 —
1598 2489 1686 2526 4⁰15.
1702 2493 1817 2536 atque

332 2540 422 2577 vale
459 2551 567 2578 come
597 2539 612 2555 “
633 2539 741 2585 cioe3
776 2538 1044 2584 inquantoehe
1067 2566 1098 2584 „.
1197 2559 1240 2564 --
1267 2541 1312 2576 in
1337 2541 1470 2584 imum,
1502 2549 1580 2575 non
1615 2536 1637 2575 ὸ
1662 2537 1703 2575 in
1729 2549 1815 2575 con-

333 2587 579 2625 traddizione
600 2599 673 2625 eon
695 2589 765 2624 534
785 2587 885 2625 dove
900 2587 938 2624 la
960 2591 1068 2624 terra
1090 2589 1133 2624 in
1155 2587 1284 2624 media
1303 2585 1446 2624 mundi
1463 2586 1624 2631 reqione
1641 2586 1816 2631 quiescit,

332 2633 477 2680 perche
511 2635 579 2680 qui
609 2647 687 2673 non
718 2635 750 2671 si
781 2635 894 2679 paria
925 2634 988 2672 ‹lel
1019 2639 1131 2679 posto
1158 2635 1198 2671 in
1233 2633 1295 2672 eui
1320 2645 1449 2671 venne
1475 2644 1500 2670 a
1525 2632 1698 2670 trovarsi
1723 2630 1818 2669 defi·

332 2682 605 2728 nitivamente,
642 2695 705 2719 ma
743 2681 807 2719 del
845 2684 957 2727 posto
990 2682 1061 2719 che
1095 2681 1244 2727 occupo
1278 2681 1345 2719 nel
1381 2691 1565 2726 processo
1599 2679 1638 2717 di
1673 2679 1817 2717 forma-
1859 2699 1865 2731 ²,

333 2730 455 2768 zione.
553 2750 599 2755 -
625 2729 713 2766 497.
739 2730 845 2767 Nota
872 2730 898 2767 il
921 2729 1179 2767 monosillabo
1205 2728 1336 2775 finale,
1363 2740 1436 2766 con
1461 2727 1600 2765 effetto
1625 2726 1752 2766 simile
1777 2725 1817 2764 al
1864 2739 1872 2762 ε
