1872 3002
274 217 360 263 254
692 217 777 263 DE
807 216 1039 264 RERUM
1070 216 1345 264 NATURA

203 322 273 360 985
303 310 352 357 in
384 310 555 358 somnis
588 310 751 357 sudare
782 315 938 356 tamen
970 310 1235 369 spirareque
1266 327 1443 369 semper

303 379 347 422 et
379 374 511 434 quasi
542 375 597 421 de
630 374 785 433 palma
818 390 1020 421 summas
1053 374 1327 421 contendere
1359 375 1473 422 viris

304 446 384 488 aut
417 441 549 500 quasi
581 440 841 487 carceribus
874 440 1117 498 patefactis
1151 473 1383 487 ......

303 512 643 565 venantumque
676 521 811 553 canes
843 505 892 552 in
923 505 1051 552 molli
1084 521 1216 565 saepe
1249 506 1401 564 quiete

302 572 477 619 iactant
510 589 645 619 crura
676 578 831 619 tamen
864 573 1015 620 subito
1048 588 1269 632 vocesque
1302 578 1487 633 repente

200 654 274 690 '990
306 638 496 685 mittunt
528 643 572 684 et
605 639 763 685 crebro
795 638 1051 685 redducunt
1083 639 1274 686 naribus
1306 655 1455 697 auras,

304 707 355 748 ut
386 702 584 760 vestigia
616 702 656 749 si
688 707 875 749 teneant
907 702 1098 750 inventa
1132 703 1349 761 ferarum,

306 767 707 827 expergefactique
740 773 955 815 secuntur
987 768 1145 815 inania
1177 785 1309 827 saepe

306 848 544 879 cervorum
577 833 835 890 simulacra,
870 834 1008 892 fugae
1041 834 1174 892 quasi
1207 834 1362 880 dedita
1394 838 1598 893 cernant,

307 899 450 946 donec
483 898 701 946 discussis
734 899 922 946 redeant
955 899 1188 946 erroribus
1222 899 1280 946 ad
1313 915 1371 946 se.

208 983 278 1020 995
309 969 357 1011 at
389 969 604 1012 consueta
636 965 759 1011 domi
791 964 1047 1012 catulorum
1080 965 1251 1012 blanda
1283 981 1488 1024 propago

307 1030 534 1077 discutere
567 1034 611 1076 et
644 1046 807 1089 corpus
839 1030 893 1077 de
925 1034 1050 1077 terra
1083 1031 1312 1091 corripere
1344 1031 1520 1078 instant

309 1095 498 1154 proinde
531 1095 662 1154 quasi
693 1096 878 1154 ignotas
911 1096 1053 1143 facies
1085 1101 1222 1155 atque
1255 1112 1336 1143 ora
1365 1100 1571 1143 tuantur.

308 1166 351 1207 et
385 1177 474 1220 quo
507 1177 712 1220 quaeque
746 1161 894 1220 magis
927 1166 1034 1208 sunt
1066 1177 1230 1220 aspera
1263 1161 1573 1222 seminiorum,

311 1231 408 1272 tam
439 1226 590 1284 magis
623 1227 671 1272 in
703 1227 874 1274 somnis
907 1227 1064 1273 eadem
1097 1227 1274 1274 saevire
1307 1231 1560 1275 necessust:

190 1309 283 1348 1000
315 1296 363 1338 at
394 1291 552 1338 variae
584 1291 771 1350 fugiunt
802 1291 1010 1338 volucres
1043 1291 1287 1351 pinnisque
1318 1297 1501 1351 repente

313 1355 566 1403 sollicitant
598 1356 752 1403 divom
784 1361 1007 1403 nocturno
1038 1362 1242 1415 tempore
1275 1356 1412 1414 lucos,

309 1422 554 1481 accipitres
587 1439 745 1470 somno
777 1422 824 1468 in
858 1422 951 1469 leni
983 1423 1019 1470 si
1054 1423 1224 1481 proelia
1257 1439 1438 1482 pugnas

311 1489 441 1535 edere
474 1493 580 1535 sunt
614 1493 924 1547 persectantes
956 1488 1172 1547 visaeque
1204 1489 1426 1536 volantes.

310 1569 447 1613 porro
480 1553 718 1600 hominum
752 1558 938 1610 mentes,
973 1554 1156 1612 magnis
1188 1570 1306 1613 quae
1338 1554 1537 1601 motibus
1568 1552 1709 1600 edunt

280 1763 422 1803 lessici.
520 1784 566 1790 -
605 1765 691 1803 985.
728 1778 901 1813 semper:
936 1779 1015 1804 uno
1055 1767 1206 1812 spirare
1245 1779 1364 1804 senza
1396 1767 1538 1812 riposo,
1575 1765 1660 1805 cioe
1698 1777 1767 1805 an-

281 1817 406 1850 sante.
504 1833 548 1838 —-
576 1813 663 1850 986.
690 1813 770 1851 Ora
795 1816 855 1852 coi
880 1814 1045 1853 muscoli
1072 1816 1146 1852 tesi
1174 1827 1283 1852 come
1317 1816 1358 1851 in
1389 1815 1508 1860 piena
1534 1826 1658 1860 corsa,
1689 1825 1770 1855 ora,

281 1860 362 1906 988,
389 1862 562 1898 scattare
589 1873 698 1898 come
725 1861 792 1898 all⁷
795 1862 938 1907 aprirsi
965 1862 1069 1900 delle
1095 1862 1244 1899 sbar-re
1271 1863 1329 1899 La
1355 1862 1500 1899 lacuna
1525 1860 1547 1899 ὲ
1573 1867 1768 1907 occupata

280 1908 346 1945 nei
372 1920 461 1945 mss.
481 1908 531 1945 da
557 1920 670 1954 saepe
688 1911 824 1955 q777'‚ete
851 1913 1000 1948 venuto
1026 1922 1097 1954 per
1114 1910 1239 1949 svista
1257 1909 1322 1948 dal
1341 1922 1376 1947 v.
1394 1922 1475 1955 seg.
1573 1928 1616 1936 —
1634 1909 1717 1948 994.

282 1955 501 2001 eccezione,
533 1956 574 1992 in
599 1955 728 2002 Luor„
767 1958 887 1995 donee
913 1958 973 1995 eol
1007 1969 1118 2002 cong.
1151 1958 1272 1995 Forse
1304 1957 1462 2002 meglio,
1496 1969 1568 1995 con
1593 1956 1771 2002 Brieger‚

280 2016 303 2040 7
306 2004 457 2040 edeunt.
556 2022 600 2028 —-
624 2003 878 2042 995.1nsiste
905 2005 1116 2043 volentieri
1140 2005 1333 2043 Lucrezio
1350 2005 1412 2042 sui
1429 2005 1542 2049 sogni
1560 2004 1667 2050 degli
1683 2005 1770 2042 ani·

280 2051 374 2087 mali
409 2063 430 2088 e
465 2049 610 2095 perche
648 2052 768 2095 giova
794 2052 832 2089 al
859 2065 929 2090 suo
956 2065 1084 2098 scopo,
1119 2065 1140 2090 e
1167 2051 1313 2097 perche
1339 2053 1392 2089 ha
1417 2053 1655 2090 sentimento
1679 2053 1771 2091 vivo

281 2111 302 2134 e
329 2098 442 2143 quasi
468 2103 606 2136 tenero
633 2110 704 2143 per
730 2099 769 2136 la
794 2100 878 2138 vita
904 2101 1011 2145 degli
1037 2100 1200 2138 animali
1227 2100 1314 2144 (cfr.
1330 2100 1373 2136 Π
1391 2100 1460 2137 352
1477 2102 1589 2145 sgg..)
1613 2099 1771 2143 Quanto

280 2158 314 2190 e,
352 2146 385 2182 si
411 2145 587 2190 direbbe,
623 2146 835 2185 affettuoso
863 2152 1002 2193 questo
1033 2160 1159 2185 verso.
1339 2147 1424 2182 996.
1455 2159 1596 2194 corpus
1627 2146 1648 2184 ὸ
1678 2159 1701 2185 o
1703 2158 1768 2194 g.g

280 2175 406 2230 anche
424 2193 463 2230 di
481 2194 684 2231 discutere.
779 2215 822 2219 —
841 2196 925 2231 998.
947 2207 1087 2242 aspera
1113 2197 1370 2232 se7777'777'o7·77777
1399 2193 1471 2231 “di
1496 2196 1695 2232 carattere
1721 2195 1773 2232 fe-

279 2253 400 2285 roce„
421 2241 491 2278 cfr.
509 2241 572 2277 III
592 2242 677 2277 739-
680 2242 758 2279 745.
829 2262 872 2268 ——
892 2243 980 2280 999.
999 2247 1204 2287 necessust,
1222 2242 1292 2279 cfr.
1314 2242 1355 2279 ΙΙ
1377 2243 1460 2279 710.
1534 2261 1580 2267 -
1598 2241 1697 2277 1002
1713 2254 1770 2287 sg-

283 2288 298 2303 “
315 2288 363 2325 Se
390 2289 455 2325 nel
472 2289 532 2325 lor
547 2288 658 2325 dolce
675 2301 799 2328 sonno
817 2290 954 2328 videro
973 2290 1093 2327 falchi
1112 2290 1184 2327 dar
1196 2272 1295 2327 ’fiere
1314 2301 1447 2334 pugne
1464 2289 1772 2334 perseguitando

281 2348 304 2372 a
337 2335 438 2372 v.olo
583 2354 630 2361 —-
664 2341 758 2373 sunt
788 2339 894 2375 visae
918 2342 1178 2383 persectantes
1204 2342 1318 2383 atque
1343 2337 1527 2375 volantes.
1553 2337 1684 2374 Nonio
1714 2341 1774 2374 at-

280 2386 384 2420 testa
402 2383 475 2420 che
493 2383 560 2427 qui
580 2386 746 2429 accipi&
749 2396 786 2420 es
804 2383 825 2421 ὲ
845 2385 1080 2431 femminile·
1101 2385 1242 2422 Munro
1264 2396 1342 2422 non
1364 2385 1419 2429 gli
1441 2383 1567 2427 crede,
1587 2396 1608 2421 e
1634 2384 1772 2428 quindi

281 2430 462 2467 intende:
494 2443 570 2476 pe7
573 2435 835 2477 sectantesque
862 2432 1008 2477 (alme)
1042 2415 1268 2470 70Za77tes“
1289 2444 1310 2469 e
1345 2431 1439 2469 altxi
1469 2430 1611 2469 uccelli
1635 2431 1674 2469 di
1707 2444 1771 2469 ra-

280 2478 374 2522 pina
395 2489 431 2521 „3
459 2490 523 2514 ma
553 2490 623 2522 per
653 2485 803 2522 quanto
836 2479 1031 2524 legittima
1058 2480 1097 2516 la
1124 2480 1323 2524 posizione
1348 2479 1388 2516 di
1415 2491 1486 2526 que
1517 2478 1618 2524 dopo
1643 2479 1682 2516 la
1708 2491 1774 2517 se-

280 2525 407 2562 conda
436 2525 575 2570 parola
604 2526 672 2570 qui
701 2526 868 2563 sal-ebbe
896 2532 1036 2572 troppo
1063 2527 1194 2564 danno
1228 2526 1309 2564 alla
1336 2526 1554 2571 chiarezza‚
1587 2538 1658 2571 per
1690 2539 1773 2564 cre-

281 2572 398 2610 derci.
433 2573 465 2609 Ε
497 2572 785 2610 sottintendere
821 2574 928 2611 alme
962 2575 1003 2611 fa
1030 2587 1129 2619 pure
1156 2573 1354 2612 difficolta.
1389 2573 1530 2611 Anche
1555 2573 1596 2610 la
1631 2585 1772 2611 cesura

280 2623 342 2657 sta
360 2623 497 2657 contro
523 2621 548 2656 l'
560 2621 895 2665 interpretazione
914 2621 976 2658 del
995 2622 1293 2659 Mun10.-—
1312 2620 1415 2659 1004.
1434 2625 1588 2664 mentes,
1614 2623 1774 2677 meanis

280 2679 378 2713 Quae
411 2668 589 2705 motibus.
627 2668 647 2704 Ι
678 2680 767 2705 mss.
800 2669 1006 2706 montibus.
1041 2670 1162 2707 Lach.
1198 2669 1293 2707 hom
1329 2672 1486 2713 mentes,
1515 2669 1673 2714 maynis
1704 2670 1774 2715 qui

278 2714 484 2760 mentibus,
504 2715 575 2752 che
601 2727 643 2752 se
669 2714 774 2753 fosse
795 2728 819 2752 v
823 2728 889 2753 ero
907 2717 1133 2754 vert-ebbe
1123 2730 1164 2754 1n
1182 2716 1379 2762 appoggio
1396 2715 1502 2754 della.
1522 2715 1601 2752 mia
1618 2714 1771 2753 lezione

279 2774 408 2799 777e773.
483 2775 581 2808 quae
606 2766 731 2799 mente
757 2764 905 2804 volutat
922 2764 983 2801 III
1000 2765 1070 2801 239
1096 2777 1152 2809 sg
1162 2778 1172 2810 ς
1197 2765 1314 2801 Bern.
1336 2766 1407 2810 qui
1428 2762 1630 2800 mortibus.
1657 2762 1773 2800 L'an-

279 2808 357 2847 tico
383 2810 550 2847 777077'b7cs
569 2809 631 2847 del
649 2809 820 2848 Marullo
846 2823 942 2855 pare
969 2824 992 2848 a
1017 2824 1092 2857 me,
1118 2824 1227 2850 come
1251 2812 1291 2849 al
1315 2811 1458 2849 Munro
1485 2822 1506 2848 e
1532 2810 1573 2848 al
1592 2809 1773 2856 Brieger‚
